<?xml version="1.0" encoding="UTF-8"?>
<!DOCTYPE html PUBLIC "-//W3C//DTD XHTML 1.0 Transitional//EN"
    "http://www.w3.org/TR/xhtml1/DTD/xhtml1-transitional.dtd">
<html xmlns="http://www.w3.org/1999/xhtml" xml:lang="en" lang="en">
 <head>
  <title>
</title>
<meta http-equiv="Content-Type" content="text/html;charset=utf-8" />
  <meta name='ocr-system' content='tesseract 3.04.00' />
  <meta name='ocr-capabilities' content='ocr_page ocr_carea ocr_par ocr_line ocrx_word'/>
</head>
<body>
  <div class='ocr_page' id='page_1' title='image "./p3breviariumroma00cathuoft_0522.png"; bbox 0 0 2040 2976; ppageno 0'>
   <div class='ocr_carea' id='block_1_1' title="bbox 166 186 987 234">
    <p class='ocr_par' dir='ltr' id='par_1_1' title="bbox 166 186 987 234">
     <span class='ocr_line' id='line_1_1' title="bbox 166 186 987 234; baseline 0.006 -14"><span class='ocrx_word' id='word_1_1' title='bbox 166 186 233 221; x_wconf 86' lang='lat'>492</span> <span class='ocrx_word' id='word_1_2' title='bbox 632 190 701 224; x_wconf 89' lang='lat' dir='ltr'>Die</span> <span class='ocrx_word' id='word_1_3' title='bbox 728 191 784 225; x_wconf 88' lang='lat'>10.</span> <span class='ocrx_word' id='word_1_4' title='bbox 810 191 987 234; x_wconf 76' lang='lat' dir='ltr'><strong>Augusti.</strong></span> 
     </span>
    </p>
   </div>
   <div class='ocr_carea' id='block_1_2' title="bbox 390 287 767 327">
    <p class='ocr_par' dir='ltr' id='par_1_2' title="bbox 390 287 767 327">
     <span class='ocr_line' id='line_1_2' title="bbox 390 287 767 327; baseline 0 0"><span class='ocrx_word' id='word_1_5' title='bbox 390 287 439 326; x_wconf 87' lang='lat' dir='ltr'>In</span> <span class='ocrx_word' id='word_1_6' title='bbox 466 288 516 327; x_wconf 91' lang='lat'>11.</span> <span class='ocrx_word' id='word_1_7' title='bbox 544 287 767 327; x_wconf 79' lang='lat' dir='ltr'>Nocturno.</span> 
     </span>
    </p>
   </div>
   <div class='ocr_carea' id='block_1_3' title="bbox 167 347 993 510">
    <p class='ocr_par' dir='ltr' id='par_1_3' title="bbox 167 347 993 510">
     <span class='ocr_line' id='line_1_3' title="bbox 219 347 993 398; baseline -0.004 -6"><span class='ocrx_word' id='word_1_8' title='bbox 219 353 317 393; x_wconf 85' lang='lat' dir='ltr'>Ant.</span> <span class='ocrx_word' id='word_1_9' title='bbox 335 349 497 390; x_wconf 87' lang='lat' dir='ltr'>Beatus</span> <span class='ocrx_word' id='word_1_10' title='bbox 512 347 775 390; x_wconf 87' lang='lat' dir='ltr'>Laurentius</span> <span class='ocrx_word' id='word_1_11' title='bbox 789 349 813 375; x_wconf 88' lang='lat'>*</span> <span class='ocrx_word' id='word_1_12' title='bbox 828 348 993 398; x_wconf 87' lang='lat' dir='ltr'>orabat,</span> 
     </span>
     <span class='ocr_line' id='line_1_4' title="bbox 167 403 993 455; baseline 0.004 -12"><span class='ocrx_word' id='word_1_13' title='bbox 167 403 331 444; x_wconf 88' lang='lat' dir='ltr'>dicens:</span> <span class='ocrx_word' id='word_1_14' title='bbox 350 403 537 445; x_wconf 91' lang='lat' dir='ltr'>Domine</span> <span class='ocrx_word' id='word_1_15' title='bbox 551 405 575 445; x_wconf 90' lang='lat' dir='ltr'><strong>J</strong></span> <span class='ocrx_word' id='word_1_16' title='bbox 579 417 657 446; x_wconf 88' lang='lat' dir='ltr'>esu</span> <span class='ocrx_word' id='word_1_17' title='bbox 673 404 855 455; x_wconf 87' lang='lat' dir='ltr'>Christe,</span> <span class='ocrx_word' id='word_1_18' title='bbox 873 405 993 446; x_wconf 86' lang='lat' dir='ltr'>Deus</span> 
     </span>
     <span class='ocr_line' id='line_1_5' title="bbox 167 459 959 510; baseline 0.001 -9"><span class='ocrx_word' id='word_1_19' title='bbox 167 459 221 501; x_wconf 94' lang='lat' dir='ltr'>de</span> <span class='ocrx_word' id='word_1_20' title='bbox 240 460 349 510; x_wconf 93' lang='lat' dir='ltr'>Deo,</span> <span class='ocrx_word' id='word_1_21' title='bbox 369 460 577 503; x_wconf 88' lang='lat' dir='ltr'>miserere</span> <span class='ocrx_word' id='word_1_22' title='bbox 596 461 701 502; x_wconf 92' lang='lat' dir='ltr'>mihi</span> <span class='ocrx_word' id='word_1_23' title='bbox 720 474 850 504; x_wconf 89' lang='lat' dir='ltr'>servo</span> <span class='ocrx_word' id='word_1_24' title='bbox 871 466 959 503; x_wconf 92' lang='lat' dir='ltr'>tuo.</span> 
     </span>
    </p>
   </div>
   <div class='ocr_carea' id='block_1_4' title="bbox 180 540 993 658">
    <p class='ocr_par' dir='ltr' id='par_1_4' title="bbox 180 540 993 658">
     <span class='ocr_line' id='line_1_6' title="bbox 456 540 710 581; baseline -0.004 0"><span class='ocrx_word' id='word_1_25' title='bbox 456 540 653 581; x_wconf 88' lang='lat' dir='ltr'>Psalmus</span> <span class='ocrx_word' id='word_1_26' title='bbox 673 542 710 580; x_wconf 87' lang='lat'>4.</span> 
     </span>
     <span class='ocr_line' id='line_1_7' title="bbox 180 600 993 658; baseline 0.001 -16"><span class='ocrx_word' id='word_1_27' title='bbox 180 603 354 658; x_wconf 37' lang='lat' dir='ltr'>&#39;Qum</span> <span class='ocrx_word' id='word_1_28' title='bbox 386 600 638 643; x_wconf 84' lang='lat' dir='ltr'>invocarem</span> <span class='ocrx_word' id='word_1_29' title='bbox 670 600 892 643; x_wconf 82' lang='lat' dir='ltr'>exaudivit</span> <span class='ocrx_word' id='word_1_30' title='bbox 924 613 993 643; x_wconf 91' lang='lat' dir='ltr'>me</span> 
     </span>
    </p>
   </div>
   <div class='ocr_carea' id='block_1_5' title="bbox 148 656 993 2753">
    <p class='ocr_par' dir='ltr' id='par_1_5' title="bbox 172 655 992 756">
     <span class='ocr_line' id='line_1_8' title="bbox 177 656 992 711; baseline 0.005 -16"><span class='ocrx_word' id='word_1_31' title='bbox 177 662 275 711; x_wconf 44' lang='lat'>‘43-</span> <span class='ocrx_word' id='word_1_32' title='bbox 298 656 418 698; x_wconf 90' lang='lat' dir='ltr'>Deus</span> <span class='ocrx_word' id='word_1_33' title='bbox 450 657 625 708; x_wconf 87' lang='lat' dir='ltr'>justitiae</span> <span class='ocrx_word' id='word_1_34' title='bbox 654 670 781 699; x_wconf 86' lang='lat' dir='ltr'>meae:</span> <span class='ocrx_word' id='word_1_35' title='bbox 806 658 830 684; x_wconf 87' lang='lat'>*</span> <span class='ocrx_word' id='word_1_36' title='bbox 854 657 897 698; x_wconf 91' lang='lat' dir='ltr'>in</span> <span class='ocrx_word' id='word_1_37' title='bbox 921 658 992 699; x_wconf 90' lang='lat' dir='ltr'>tri-</span> 
     </span>
     <span class='ocr_line' id='line_1_9' title="bbox 172 709 867 756; baseline 0.001 -3"><span class='ocrx_word' id='word_1_38' title='bbox 172 709 201 731; x_wconf 32' lang='grc' dir='ltr'>’ὦ</span> <span class='ocrx_word' id='word_1_39' title='bbox 215 714 268 727; x_wconf 99' lang='lat' dir='ltr'>V</span> <span class='ocrx_word' id='word_1_40' title='bbox 298 711 521 755; x_wconf 87' lang='lat' dir='ltr'>bulatione</span> <span class='ocrx_word' id='word_1_41' title='bbox 542 713 734 756; x_wconf 88' lang='lat' dir='ltr'>dilatasti</span> <span class='ocrx_word' id='word_1_42' title='bbox 752 714 867 754; x_wconf 89' lang='lat' dir='ltr'>mihi.</span> 
     </span>
    </p>

    <p class='ocr_par' dir='ltr' id='par_1_6' title="bbox 164 773 992 871">
     <span class='ocr_line' id='line_1_10' title="bbox 217 773 992 826; baseline 0.003 -13"><span class='ocrx_word' id='word_1_43' title='bbox 217 773 424 815; x_wconf 86' lang='lat' dir='ltr'>Miserere</span> <span class='ocrx_word' id='word_1_44' title='bbox 443 774 538 826; x_wconf 89' lang='lat' dir='ltr'>mei,</span> <span class='ocrx_word' id='word_1_45' title='bbox 554 775 577 800; x_wconf 83' lang='lat'>*</span> <span class='ocrx_word' id='word_1_46' title='bbox 597 780 640 816; x_wconf 90' lang='lat' dir='ltr'>et</span> <span class='ocrx_word' id='word_1_47' title='bbox 660 774 818 816; x_wconf 82' lang='lat' dir='ltr'>exaudi</span> <span class='ocrx_word' id='word_1_48' title='bbox 834 774 992 816; x_wconf 89' lang='lat' dir='ltr'>oratio-</span> 
     </span>
     <span class='ocr_line' id='line_1_11' title="bbox 164 842 437 871; baseline 0.004 -1"><span class='ocrx_word' id='word_1_49' title='bbox 164 842 265 871; x_wconf 85' lang='lat' dir='ltr'>nem</span> <span class='ocrx_word' id='word_1_50' title='bbox 284 842 437 871; x_wconf 88' lang='lat' dir='ltr'>meam.</span> 
     </span>
    </p>

    <p class='ocr_par' dir='ltr' id='par_1_7' title="bbox 166 890 992 1055">
     <span class='ocr_line' id='line_1_12' title="bbox 217 890 992 944; baseline 0 -13"><span class='ocrx_word' id='word_1_51' title='bbox 217 890 314 931; x_wconf 81' lang='lat' dir='ltr'>Filii</span> <span class='ocrx_word' id='word_1_52' title='bbox 347 890 572 932; x_wconf 91' lang='lat' dir='ltr'>hominum</span> <span class='ocrx_word' id='word_1_53' title='bbox 604 894 833 944; x_wconf 91' lang='lat' dir='ltr'>usquequo</span> <span class='ocrx_word' id='word_1_54' title='bbox 871 891 992 943; x_wconf 87' lang='lat' dir='ltr'>gravi</span> 
     </span>
     <span class='ocr_line' id='line_1_13' title="bbox 166 945 992 999; baseline 0 -11"><span class='ocrx_word' id='word_1_55' title='bbox 166 945 323 989; x_wconf 87' lang='lat' dir='ltr'>corde?</span> <span class='ocrx_word' id='word_1_56' title='bbox 351 947 374 972; x_wconf 90' lang='lat'>*</span> <span class='ocrx_word' id='word_1_57' title='bbox 403 952 451 988; x_wconf 91' lang='lat' dir='ltr'>ut</span> <span class='ocrx_word' id='word_1_58' title='bbox 483 947 589 999; x_wconf 93' lang='lat' dir='ltr'>quid</span> <span class='ocrx_word' id='word_1_59' title='bbox 621 947 797 998; x_wconf 86' lang='lat' dir='ltr'>diligitis</span> <span class='ocrx_word' id='word_1_60' title='bbox 830 947 992 988; x_wconf 89' lang='lat' dir='ltr'>vanita-</span> 
     </span>
     <span class='ocr_line' id='line_1_14' title="bbox 166 1003 870 1055; baseline 0 -11"><span class='ocrx_word' id='word_1_61' title='bbox 166 1007 265 1052; x_wconf 90' lang='lat' dir='ltr'>tem,</span> <span class='ocrx_word' id='word_1_62' title='bbox 294 1008 338 1045; x_wconf 93' lang='lat' dir='ltr'>et</span> <span class='ocrx_word' id='word_1_63' title='bbox 358 1003 552 1055; x_wconf 81' lang='lat' dir='ltr'>quaeritis</span> <span class='ocrx_word' id='word_1_64' title='bbox 571 1003 870 1046; x_wconf 88' lang='lat' dir='ltr'>mendacium?</span> 
     </span>
    </p>

    <p class='ocr_par' dir='ltr' id='par_1_8' title="bbox 165 1059 993 1269">
     <span class='ocr_line' id='line_1_15' title="bbox 216 1059 993 1111; baseline 0 -11"><span class='ocrx_word' id='word_1_65' title='bbox 216 1059 272 1101; x_wconf 85' lang='lat' dir='ltr'>Et</span> <span class='ocrx_word' id='word_1_66' title='bbox 309 1059 465 1101; x_wconf 90' lang='lat' dir='ltr'>scitote</span> <span class='ocrx_word' id='word_1_67' title='bbox 502 1059 708 1111; x_wconf 92' lang='lat' dir='ltr'>quoniam</span> <span class='ocrx_word' id='word_1_68' title='bbox 746 1059 993 1110; x_wconf 82' lang='lat' dir='ltr'>mirificavit</span> 
     </span>
     <span class='ocr_line' id='line_1_16' title="bbox 166 1115 991 1157; baseline 0.001 -2"><span class='ocrx_word' id='word_1_69' title='bbox 166 1115 380 1156; x_wconf 90' lang='lat' dir='ltr'>Dominus</span> <span class='ocrx_word' id='word_1_70' title='bbox 406 1121 605 1157; x_wconf 87' lang='lat' dir='ltr'>sanctum</span> <span class='ocrx_word' id='word_1_71' title='bbox 631 1128 772 1157; x_wconf 85' lang='lat' dir='ltr'>suum:</span> <span class='ocrx_word' id='word_1_72' title='bbox 795 1117 819 1142; x_wconf 84' lang='grc'>*</span> <span class='ocrx_word' id='word_1_73' title='bbox 842 1115 991 1157; x_wconf 83' lang='grc' dir='ltr'>1)όωί-</span> 
     </span>
     <span class='ocr_line' id='line_1_17' title="bbox 165 1171 990 1214; baseline 0.001 -2"><span class='ocrx_word' id='word_1_74' title='bbox 165 1184 246 1212; x_wconf 89' lang='lat' dir='ltr'>nus</span> <span class='ocrx_word' id='word_1_75' title='bbox 275 1171 480 1214; x_wconf 88' lang='lat' dir='ltr'>exaudiet</span> <span class='ocrx_word' id='word_1_76' title='bbox 510 1184 580 1214; x_wconf 90' lang='lat' dir='ltr'>me</span> <span class='ocrx_word' id='word_1_77' title='bbox 613 1185 712 1214; x_wconf 93' lang='lat' dir='ltr'>cum</span> <span class='ocrx_word' id='word_1_78' title='bbox 743 1172 990 1214; x_wconf 90' lang='lat' dir='ltr'>clamavero</span> 
     </span>
     <span class='ocr_line' id='line_1_18' title="bbox 166 1227 360 1269; baseline -0.005 0"><span class='ocrx_word' id='word_1_79' title='bbox 166 1227 222 1269; x_wconf 86' lang='lat' dir='ltr'>ad</span> <span class='ocrx_word' id='word_1_80' title='bbox 251 1240 360 1269; x_wconf 88' lang='lat' dir='ltr'>eum.</span> 
     </span>
    </p>

    <p class='ocr_par' dir='ltr' id='par_1_9' title="bbox 164 1284 990 1450">
     <span class='ocr_line' id='line_1_19' title="bbox 216 1284 990 1337; baseline 0.003 -13"><span class='ocrx_word' id='word_1_81' title='bbox 216 1284 472 1334; x_wconf 84' lang='lat' dir='ltr'>Irascimini,</span> <span class='ocrx_word' id='word_1_82' title='bbox 506 1289 550 1326; x_wconf 90' lang='lat' dir='ltr'>et</span> <span class='ocrx_word' id='word_1_83' title='bbox 576 1285 711 1326; x_wconf 91' lang='lat' dir='ltr'>nolite</span> <span class='ocrx_word' id='word_1_84' title='bbox 739 1287 939 1337; x_wconf 90' lang='lat' dir='ltr'>peccare:</span> <span class='ocrx_word' id='word_1_85' title='bbox 967 1287 990 1312; x_wconf 85' lang='lat'>*</span> 
     </span>
     <span class='ocr_line' id='line_1_20' title="bbox 166 1340 989 1393; baseline 0.002 -12"><span class='ocrx_word' id='word_1_86' title='bbox 166 1353 264 1393; x_wconf 89' lang='lat' dir='ltr'>quae</span> <span class='ocrx_word' id='word_1_87' title='bbox 288 1340 431 1382; x_wconf 89' lang='lat' dir='ltr'>dicitis</span> <span class='ocrx_word' id='word_1_88' title='bbox 454 1341 498 1382; x_wconf 90' lang='lat' dir='ltr'>in</span> <span class='ocrx_word' id='word_1_89' title='bbox 523 1341 730 1383; x_wconf 90' lang='lat' dir='ltr'>cordibus</span> <span class='ocrx_word' id='word_1_90' title='bbox 752 1342 920 1391; x_wconf 89' lang='lat' dir='ltr'>vestris,</span> <span class='ocrx_word' id='word_1_91' title='bbox 947 1342 989 1383; x_wconf 92' lang='lat' dir='ltr'>in</span> 
     </span>
     <span class='ocr_line' id='line_1_21' title="bbox 164 1396 931 1450; baseline 0.003 -13"><span class='ocrx_word' id='word_1_92' title='bbox 164 1396 378 1438; x_wconf 87' lang='lat' dir='ltr'>cubilibus</span> <span class='ocrx_word' id='word_1_93' title='bbox 397 1397 556 1439; x_wconf 87' lang='lat' dir='ltr'>vestris</span> <span class='ocrx_word' id='word_1_94' title='bbox 579 1398 931 1450; x_wconf 84' lang='lat' dir='ltr'>compungimini.</span> 
     </span>
    </p>

    <p class='ocr_par' dir='ltr' id='par_1_10' title="bbox 165 1458 990 1622">
     <span class='ocr_line' id='line_1_22' title="bbox 215 1458 990 1511; baseline 0.003 -12"><span class='ocrx_word' id='word_1_95' title='bbox 215 1458 467 1500; x_wconf 88' lang='lat' dir='ltr'>Sacrificate</span> <span class='ocrx_word' id='word_1_96' title='bbox 505 1459 767 1501; x_wconf 84' lang='lat' dir='ltr'>sacrificium</span> <span class='ocrx_word' id='word_1_97' title='bbox 803 1459 990 1511; x_wconf 83' lang='lat' dir='ltr'>justitiae,</span> 
     </span>
     <span class='ocr_line' id='line_1_23' title="bbox 165 1515 990 1566; baseline 0.004 -11"><span class='ocrx_word' id='word_1_98' title='bbox 165 1519 208 1556; x_wconf 90' lang='lat' dir='ltr'>et</span> <span class='ocrx_word' id='word_1_99' title='bbox 235 1516 410 1566; x_wconf 88' lang='lat' dir='ltr'>sperate</span> <span class='ocrx_word' id='word_1_100' title='bbox 439 1515 481 1556; x_wconf 93' lang='lat' dir='ltr'>in</span> <span class='ocrx_word' id='word_1_101' title='bbox 509 1516 710 1557; x_wconf 92' lang='lat' dir='ltr'>Domino.</span> <span class='ocrx_word' id='word_1_102' title='bbox 730 1516 753 1542; x_wconf 86' lang='lat'>*</span> <span class='ocrx_word' id='word_1_103' title='bbox 776 1516 904 1558; x_wconf 89' lang='lat' dir='ltr'>Multi</span> <span class='ocrx_word' id='word_1_104' title='bbox 931 1515 990 1558; x_wconf 92' lang='lat' dir='ltr'>di-</span> 
     </span>
     <span class='ocr_line' id='line_1_24' title="bbox 166 1571 932 1622; baseline 0.001 -10"><span class='ocrx_word' id='word_1_105' title='bbox 166 1576 281 1612; x_wconf 89' lang='lat' dir='ltr'>cunt:</span> <span class='ocrx_word' id='word_1_106' title='bbox 310 1572 416 1622; x_wconf 91' lang='lat' dir='ltr'>Quis</span> <span class='ocrx_word' id='word_1_107' title='bbox 435 1572 627 1614; x_wconf 91' lang='lat' dir='ltr'>ostendit</span> <span class='ocrx_word' id='word_1_108' title='bbox 646 1572 773 1614; x_wconf 89' lang='lat' dir='ltr'>nobis</span> <span class='ocrx_word' id='word_1_109' title='bbox 791 1571 932 1615; x_wconf 88' lang='lat' dir='ltr'>bona?</span> 
     </span>
    </p>

    <p class='ocr_par' dir='ltr' id='par_1_11' title="bbox 166 1632 991 1788">
     <span class='ocr_line' id='line_1_25' title="bbox 216 1632 991 1686; baseline 0.003 -12"><span class='ocrx_word' id='word_1_110' title='bbox 216 1632 441 1683; x_wconf 86' lang='lat' dir='ltr'>Signatum</span> <span class='ocrx_word' id='word_1_111' title='bbox 469 1639 536 1675; x_wconf 88' lang='lat' dir='ltr'>est</span> <span class='ocrx_word' id='word_1_112' title='bbox 568 1646 700 1686; x_wconf 90' lang='lat' dir='ltr'>super</span> <span class='ocrx_word' id='word_1_113' title='bbox 731 1646 813 1676; x_wconf 91' lang='lat' dir='ltr'>nos</span> <span class='ocrx_word' id='word_1_114' title='bbox 844 1634 991 1676; x_wconf 92' lang='lat' dir='ltr'>lumen</span> 
     </span>
     <span class='ocr_line' id='line_1_26' title="bbox 166 1688 990 1733; baseline 0.004 -4"><span class='ocrx_word' id='word_1_115' title='bbox 166 1688 310 1730; x_wconf 88' lang='lat' dir='ltr'>vultus</span> <span class='ocrx_word' id='word_1_116' title='bbox 333 1689 397 1730; x_wconf 86' lang='lat' dir='ltr'>tui</span> <span class='ocrx_word' id='word_1_117' title='bbox 419 1690 621 1732; x_wconf 87' lang='lat' dir='ltr'>Domine:</span> <span class='ocrx_word' id='word_1_118' title='bbox 648 1691 672 1717; x_wconf 90' lang='lat'>*</span> <span class='ocrx_word' id='word_1_119' title='bbox 700 1690 861 1732; x_wconf 90' lang='lat' dir='ltr'>dedisti</span> <span class='ocrx_word' id='word_1_120' title='bbox 884 1691 990 1733; x_wconf 84' lang='lat' dir='ltr'>laeti-</span> 
     </span>
     <span class='ocr_line' id='line_1_27' title="bbox 166 1745 615 1788; baseline 0.002 -3"><span class='ocrx_word' id='word_1_121' title='bbox 166 1745 272 1786; x_wconf 88' lang='lat' dir='ltr'>tiam</span> <span class='ocrx_word' id='word_1_122' title='bbox 290 1745 333 1786; x_wconf 90' lang='lat' dir='ltr'>in</span> <span class='ocrx_word' id='word_1_123' title='bbox 353 1745 486 1788; x_wconf 91' lang='lat' dir='ltr'>corde</span> <span class='ocrx_word' id='word_1_124' title='bbox 505 1759 615 1788; x_wconf 91' lang='lat' dir='ltr'>meo.</span> 
     </span>
    </p>

    <p class='ocr_par' dir='ltr' id='par_1_12' title="bbox 165 1805 991 1915">
     <span class='ocr_line' id='line_1_28' title="bbox 217 1805 991 1857; baseline 0.005 -11"><span class='ocrx_word' id='word_1_125' title='bbox 217 1806 257 1846; x_wconf 93' lang='lat' dir='ltr'><strong>A</strong></span> <span class='ocrx_word' id='word_1_126' title='bbox 281 1805 424 1847; x_wconf 88' lang='lat' dir='ltr'>fructu</span> <span class='ocrx_word' id='word_1_127' title='bbox 451 1806 669 1857; x_wconf 88' lang='lat' dir='ltr'>frumenti,</span> <span class='ocrx_word' id='word_1_128' title='bbox 700 1807 804 1857; x_wconf 84' lang='lat' dir='ltr'>vini,</span> <span class='ocrx_word' id='word_1_129' title='bbox 837 1812 881 1850; x_wconf 88' lang='lat' dir='ltr'>et</span> <span class='ocrx_word' id='word_1_130' title='bbox 906 1808 991 1850; x_wconf 91' lang='lat' dir='ltr'>olei</span> 
     </span>
     <span class='ocr_line' id='line_1_29' title="bbox 165 1862 695 1915; baseline 0.004 -12"><span class='ocrx_word' id='word_1_131' title='bbox 165 1862 230 1904; x_wconf 93' lang='lat' dir='ltr'>sui</span> <span class='ocrx_word' id='word_1_132' title='bbox 249 1863 272 1889; x_wconf 85' lang='grc'>*</span> <span class='ocrx_word' id='word_1_133' title='bbox 291 1862 566 1915; x_wconf 87' lang='lat' dir='ltr'>multiplicati</span> <span class='ocrx_word' id='word_1_134' title='bbox 585 1868 695 1905; x_wconf 87' lang='lat' dir='ltr'>sunt.</span> 
     </span>
    </p>

    <p class='ocr_par' dir='ltr' id='par_1_13' title="bbox 166 1919 990 2026">
     <span class='ocr_line' id='line_1_30' title="bbox 216 1919 990 1973; baseline 0.004 -14"><span class='ocrx_word' id='word_1_135' title='bbox 216 1919 265 1959; x_wconf 91' lang='lat' dir='ltr'>In</span> <span class='ocrx_word' id='word_1_136' title='bbox 291 1931 399 1971; x_wconf 92' lang='lat' dir='ltr'>pace</span> <span class='ocrx_word' id='word_1_137' title='bbox 427 1919 470 1960; x_wconf 90' lang='lat' dir='ltr'>in</span> <span class='ocrx_word' id='word_1_138' title='bbox 497 1919 687 1973; x_wconf 92' lang='lat' dir='ltr'>idipsum</span> <span class='ocrx_word' id='word_1_139' title='bbox 711 1920 735 1946; x_wconf 87' lang='lat'>*</span> <span class='ocrx_word' id='word_1_140' title='bbox 764 1920 990 1971; x_wconf 91' lang='lat' dir='ltr'>dormiam,</span> 
     </span>
     <span class='ocr_line' id='line_1_31' title="bbox 166 1975 515 2026; baseline 0 -10"><span class='ocrx_word' id='word_1_141' title='bbox 166 1979 210 2016; x_wconf 94' lang='lat' dir='ltr'>et</span> <span class='ocrx_word' id='word_1_142' title='bbox 229 1975 515 2026; x_wconf 59' lang='lat' dir='ltr'>requiescam</span> 
     </span>
    </p>

    <p class='ocr_par' dir='ltr' id='par_1_14' title="bbox 165 2031 992 2139">
     <span class='ocr_line' id='line_1_32' title="bbox 218 2031 992 2084; baseline 0.005 -13"><span class='ocrx_word' id='word_1_143' title='bbox 218 2031 432 2081; x_wconf 91' lang='lat' dir='ltr'>Quoniam</span> <span class='ocrx_word' id='word_1_144' title='bbox 446 2036 494 2073; x_wconf 86' lang='lat' dir='ltr'>tu</span> <span class='ocrx_word' id='word_1_145' title='bbox 507 2033 695 2074; x_wconf 93' lang='lat' dir='ltr'>Domine</span> <span class='ocrx_word' id='word_1_146' title='bbox 715 2033 992 2084; x_wconf 67' lang='lat' dir='ltr'>singulariter</span> 
     </span>
     <span class='ocr_line' id='line_1_33' title="bbox 165 2087 815 2139; baseline 0.005 -11"><span class='ocrx_word' id='word_1_147' title='bbox 165 2087 207 2128; x_wconf 91' lang='lat' dir='ltr'>in</span> <span class='ocrx_word' id='word_1_148' title='bbox 227 2099 305 2139; x_wconf 88' lang='lat' dir='ltr'>spe</span> <span class='ocrx_word' id='word_1_149' title='bbox 323 2088 346 2113; x_wconf 88' lang='lat'>*</span> <span class='ocrx_word' id='word_1_150' title='bbox 367 2088 631 2131; x_wconf 88' lang='lat' dir='ltr'>constituisti</span> <span class='ocrx_word' id='word_1_151' title='bbox 649 2102 730 2131; x_wconf 93' lang='lat' dir='ltr'>me.</span> <span class='ocrx_word' id='word_1_152' title='bbox 812 2099 815 2102; x_wconf 58' lang='lat'><strong>⁴</strong></span> 
     </span>
    </p>

    <p class='ocr_par' dir='ltr' id='par_1_15' title="bbox 165 2145 991 2306">
     <span class='ocr_line' id='line_1_34' title="bbox 219 2145 991 2197; baseline 0.008 -14"><span class='ocrx_word' id='word_1_153' title='bbox 219 2145 318 2185; x_wconf 85' lang='lat' dir='ltr'>Ant.</span> <span class='ocrx_word' id='word_1_154' title='bbox 349 2145 510 2186; x_wconf 88' lang='lat' dir='ltr'>Beatus</span> <span class='ocrx_word' id='word_1_155' title='bbox 535 2145 796 2188; x_wconf 89' lang='lat' dir='ltr'>Laurentius</span> <span class='ocrx_word' id='word_1_156' title='bbox 823 2146 991 2197; x_wconf 87' lang='lat' dir='ltr'>orabat,</span> 
     </span>
     <span class='ocr_line' id='line_1_35' title="bbox 165 2198 990 2253; baseline 0.006 -13"><span class='ocrx_word' id='word_1_157' title='bbox 165 2198 329 2241; x_wconf 87' lang='lat' dir='ltr'>dicens:</span> <span class='ocrx_word' id='word_1_158' title='bbox 348 2199 535 2242; x_wconf 89' lang='lat' dir='ltr'>Domine</span> <span class='ocrx_word' id='word_1_159' title='bbox 549 2202 573 2242; x_wconf 87' lang='lat' dir='ltr'><strong>J</strong></span> <span class='ocrx_word' id='word_1_160' title='bbox 576 2214 653 2244; x_wconf 86' lang='lat' dir='ltr'>esu</span> <span class='ocrx_word' id='word_1_161' title='bbox 670 2202 852 2253; x_wconf 83' lang='lat' dir='ltr'>Christe,</span> <span class='ocrx_word' id='word_1_162' title='bbox 869 2203 990 2245; x_wconf 89' lang='lat' dir='ltr'>Deus</span> 
     </span>
     <span class='ocr_line' id='line_1_36' title="bbox 166 2255 952 2306; baseline 0.006 -10"><span class='ocrx_word' id='word_1_163' title='bbox 166 2255 221 2297; x_wconf 94' lang='lat' dir='ltr'>de</span> <span class='ocrx_word' id='word_1_164' title='bbox 240 2256 350 2306; x_wconf 88' lang='lat' dir='ltr'>Deo,</span> <span class='ocrx_word' id='word_1_165' title='bbox 367 2257 572 2299; x_wconf 90' lang='lat' dir='ltr'>miserere</span> <span class='ocrx_word' id='word_1_166' title='bbox 591 2258 696 2299; x_wconf 89' lang='lat' dir='ltr'>mihi</span> <span class='ocrx_word' id='word_1_167' title='bbox 716 2272 844 2302; x_wconf 90' lang='lat' dir='ltr'>servo</span> <span class='ocrx_word' id='word_1_168' title='bbox 863 2265 952 2303; x_wconf 90' lang='lat' dir='ltr'>tuo.</span> 
     </span>
    </p>

    <p class='ocr_par' dir='ltr' id='par_1_16' title="bbox 148 2312 990 2534">
     <span class='ocr_line' id='line_1_37' title="bbox 218 2312 990 2359; baseline 0.008 -6"><span class='ocrx_word' id='word_1_169' title='bbox 218 2312 317 2354; x_wconf 88' lang='lat' dir='ltr'>Ant.</span> <span class='ocrx_word' id='word_1_170' title='bbox 333 2313 453 2354; x_wconf 84' lang='lat' dir='ltr'>Dixit</span> <span class='ocrx_word' id='word_1_171' title='bbox 463 2314 689 2356; x_wconf 90' lang='lat' dir='ltr'>Romanus</span> <span class='ocrx_word' id='word_1_172' title='bbox 703 2316 727 2343; x_wconf 86' lang='lat'>*</span> <span class='ocrx_word' id='word_1_173' title='bbox 742 2315 799 2357; x_wconf 94' lang='lat' dir='ltr'>ad</span> <span class='ocrx_word' id='word_1_174' title='bbox 812 2316 990 2359; x_wconf 90' lang='lat' dir='ltr'>beatum</span> 
     </span>
     <span class='ocr_line' id='line_1_38' title="bbox 165 2367 990 2424; baseline 0.01 -16"><span class='ocrx_word' id='word_1_175' title='bbox 165 2367 463 2411; x_wconf 86' lang='lat' dir='ltr'>Laurentium:</span> <span class='ocrx_word' id='word_1_176' title='bbox 494 2369 640 2412; x_wconf 91' lang='lat' dir='ltr'>Video</span> <span class='ocrx_word' id='word_1_177' title='bbox 673 2376 772 2413; x_wconf 90' lang='lat' dir='ltr'>ante</span> <span class='ocrx_word' id='word_1_178' title='bbox 803 2378 848 2414; x_wconf 90' lang='lat' dir='ltr'>te</span> <span class='ocrx_word' id='word_1_179' title='bbox 876 2374 990 2424; x_wconf 87' lang='lat' dir='ltr'>juve·</span> 
     </span>
     <span class='ocr_line' id='line_1_39' title="bbox 164 2425 988 2478; baseline 0.007 -12"><span class='ocrx_word' id='word_1_180' title='bbox 164 2437 264 2466; x_wconf 90' lang='lat' dir='ltr'>nem</span> <span class='ocrx_word' id='word_1_181' title='bbox 283 2425 633 2478; x_wconf 89' lang='lat' dir='ltr'>pulcherrimum,</span> <span class='ocrx_word' id='word_1_182' title='bbox 652 2428 809 2470; x_wconf 88' lang='lat' dir='ltr'>festina</span> <span class='ocrx_word' id='word_1_183' title='bbox 827 2442 896 2471; x_wconf 91' lang='lat' dir='ltr'>me</span> <span class='ocrx_word' id='word_1_184' title='bbox 916 2430 988 2472; x_wconf 90' lang='lat' dir='ltr'>ba-</span> 
     </span>
     <span class='ocr_line' id='line_1_40' title="bbox 148 2481 346 2534; baseline -0.005 -11"><span class='ocrx_word' id='word_1_185' title='bbox 148 2481 346 2534; x_wconf 69' lang='lat' dir='ltr'>&#39;ptizare</span> 
     </span>
    </p>

    <p class='ocr_par' dir='ltr' id='par_1_17' title="bbox 164 2536 990 2753">
     <span class='ocr_line' id='line_1_41' title="bbox 449 2536 704 2579; baseline 0.012 -3"><span class='ocrx_word' id='word_1_186' title='bbox 449 2536 644 2578; x_wconf 87' lang='lat' dir='ltr'>Psalmus</span> <span class='ocrx_word' id='word_1_187' title='bbox 667 2539 704 2579; x_wconf 88' lang='lat'>5.</span> 
     </span>
     <span class='ocr_line' id='line_1_42' title="bbox 257 2597 989 2654; baseline 0.005 -14"><span class='ocrx_word' id='word_1_188' title='bbox 257 2597 361 2640; x_wconf 90' lang='lat' dir='ltr'>erba</span> <span class='ocrx_word' id='word_1_189' title='bbox 383 2612 480 2641; x_wconf 92' lang='lat' dir='ltr'>mea</span> <span class='ocrx_word' id='word_1_190' title='bbox 505 2599 682 2641; x_wconf 88' lang='lat' dir='ltr'>auribus</span> <span class='ocrx_word' id='word_1_191' title='bbox 705 2602 884 2654; x_wconf 89' lang='lat' dir='ltr'>percipe</span> <span class='ocrx_word' id='word_1_192' title='bbox 903 2603 989 2644; x_wconf 91' lang='lat' dir='ltr'>Do-</span> 
     </span>
     <span class='ocr_line' id='line_1_43' title="bbox 275 2655 990 2707; baseline 0.008 -12"><span class='ocrx_word' id='word_1_193' title='bbox 275 2655 405 2704; x_wconf 84' lang='lat' dir='ltr'>mine,</span> <span class='ocrx_word' id='word_1_194' title='bbox 451 2657 474 2683; x_wconf 90' lang='grc'>*</span> <span class='ocrx_word' id='word_1_195' title='bbox 520 2655 712 2707; x_wconf 86' lang='lat' dir='ltr'>intellige</span> <span class='ocrx_word' id='word_1_196' title='bbox 755 2657 990 2701; x_wconf 89' lang='lat' dir='ltr'>clamorem</span> 
     </span>
     <span class='ocr_line' id='line_1_44' title="bbox 164 2723 320 2753; baseline -0.006 0"><span class='ocrx_word' id='word_1_197' title='bbox 164 2723 320 2753; x_wconf 90' lang='lat' dir='ltr'>meum.</span> 
     </span>
    </p>
   </div>
   <div class='ocr_carea' id='block_1_6' title="bbox 1034 190 1419 225">
    <p class='ocr_par' dir='ltr' id='par_1_18' title="bbox 1034 190 1419 225">
     <span class='ocr_line' id='line_1_45' title="bbox 1034 190 1419 225; baseline -0.003 0"><span class='ocrx_word' id='word_1_198' title='bbox 1034 191 1069 225; x_wconf 93' lang='lat' dir='ltr'>S.</span> <span class='ocrx_word' id='word_1_199' title='bbox 1090 190 1288 225; x_wconf 85' lang='lat' dir='ltr'>Laurentii</span> <span class='ocrx_word' id='word_1_200' title='bbox 1310 190 1419 225; x_wconf 88' lang='lat' dir='ltr'>Mart.</span> 
     </span>
    </p>
   </div>
   <div class='ocr_carea' id='block_1_7' title="bbox 1042 282 1877 2770">
    <p class='ocr_par' dir='ltr' id='par_1_19' title="bbox 1045 282 1877 384">
     <span class='ocr_line' id='line_1_46' title="bbox 1098 282 1877 337; baseline 0.006 -13"><span class='ocrx_word' id='word_1_201' title='bbox 1098 282 1283 325; x_wconf 88' lang='lat' dir='ltr'>Intende</span> <span class='ocrx_word' id='word_1_202' title='bbox 1317 285 1415 326; x_wconf 90' lang='lat' dir='ltr'>voci</span> <span class='ocrx_word' id='word_1_203' title='bbox 1448 285 1661 328; x_wconf 90' lang='lat' dir='ltr'>orationis</span> <span class='ocrx_word' id='word_1_204' title='bbox 1693 299 1822 337; x_wconf 83' lang='lat' dir='ltr'>meae,</span> <span class='ocrx_word' id='word_1_205' title='bbox 1853 288 1877 314; x_wconf 84' lang='grc'><strong><em>*</em></strong></span> 
     </span>
     <span class='ocr_line' id='line_1_47' title="bbox 1045 341 1642 384; baseline 0.005 -3"><span class='ocrx_word' id='word_1_206' title='bbox 1045 341 1143 382; x_wconf 88' lang='lat' dir='ltr'>Rex</span> <span class='ocrx_word' id='word_1_207' title='bbox 1160 353 1285 382; x_wconf 87' lang='lat' dir='ltr'>meus</span> <span class='ocrx_word' id='word_1_208' title='bbox 1305 345 1350 382; x_wconf 89' lang='lat' dir='ltr'>et</span> <span class='ocrx_word' id='word_1_209' title='bbox 1368 341 1490 383; x_wconf 92' lang='lat' dir='ltr'>Deus</span> <span class='ocrx_word' id='word_1_210' title='bbox 1508 355 1642 384; x_wconf 90' lang='lat' dir='ltr'>meus.</span> 
     </span>
    </p>

    <p class='ocr_par' dir='ltr' id='par_1_20' title="bbox 1045 401 1875 502">
     <span class='ocr_line' id='line_1_48' title="bbox 1098 401 1875 451; baseline 0.005 -10"><span class='ocrx_word' id='word_1_211' title='bbox 1098 401 1314 451; x_wconf 87' lang='lat' dir='ltr'>Quoniam</span> <span class='ocrx_word' id='word_1_212' title='bbox 1334 401 1391 443; x_wconf 88' lang='lat' dir='ltr'>ad</span> <span class='ocrx_word' id='word_1_213' title='bbox 1409 406 1455 444; x_wconf 92' lang='lat' dir='ltr'>te</span> <span class='ocrx_word' id='word_1_214' title='bbox 1475 402 1632 445; x_wconf 87' lang='lat' dir='ltr'>orabo:</span> <span class='ocrx_word' id='word_1_215' title='bbox 1646 405 1671 432; x_wconf 80' lang='lat'>’⁸‘</span> <span class='ocrx_word' id='word_1_216' title='bbox 1685 403 1875 445; x_wconf 89' lang='lat' dir='ltr'>Domine</span> 
     </span>
     <span class='ocr_line' id='line_1_49' title="bbox 1045 457 1746 502; baseline 0.007 -4"><span class='ocrx_word' id='word_1_217' title='bbox 1045 470 1172 499; x_wconf 90' lang='lat' dir='ltr'>mane</span> <span class='ocrx_word' id='word_1_218' title='bbox 1190 457 1399 500; x_wconf 78' lang='lat' dir='ltr'>exaudies</span> <span class='ocrx_word' id='word_1_219' title='bbox 1419 471 1574 501; x_wconf 89' lang='lat' dir='ltr'>vocem</span> <span class='ocrx_word' id='word_1_220' title='bbox 1591 473 1746 502; x_wconf 87' lang='lat' dir='ltr'>meam.</span> 
     </span>
    </p>

    <p class='ocr_par' dir='ltr' id='par_1_21' title="bbox 1046 519 1874 674">
     <span class='ocr_line' id='line_1_50' title="bbox 1096 519 1874 564; baseline 0.005 -4"><span class='ocrx_word' id='word_1_221' title='bbox 1096 519 1225 560; x_wconf 91' lang='lat' dir='ltr'>Mane</span> <span class='ocrx_word' id='word_1_222' title='bbox 1258 519 1415 561; x_wconf 88' lang='lat' dir='ltr'>astabo</span> <span class='ocrx_word' id='word_1_223' title='bbox 1447 520 1529 562; x_wconf 90' lang='lat' dir='ltr'>tibi</span> <span class='ocrx_word' id='word_1_224' title='bbox 1567 525 1611 563; x_wconf 91' lang='lat' dir='ltr'>et</span> <span class='ocrx_word' id='word_1_225' title='bbox 1638 521 1818 564; x_wconf 89' lang='lat' dir='ltr'>videbo:</span> <span class='ocrx_word' id='word_1_226' title='bbox 1850 522 1874 548; x_wconf 91' lang='lat'>*</span> 
     </span>
     <span class='ocr_line' id='line_1_51' title="bbox 1047 575 1874 631; baseline 0.005 -15"><span class='ocrx_word' id='word_1_227' title='bbox 1047 575 1253 627; x_wconf 90' lang='lat' dir='ltr'>quoniam</span> <span class='ocrx_word' id='word_1_228' title='bbox 1279 588 1367 617; x_wconf 93' lang='lat' dir='ltr'>non</span> <span class='ocrx_word' id='word_1_229' title='bbox 1393 577 1514 619; x_wconf 89' lang='lat' dir='ltr'>Deus</span> <span class='ocrx_word' id='word_1_230' title='bbox 1541 577 1695 620; x_wconf 87' lang='lat' dir='ltr'>volens</span> <span class='ocrx_word' id='word_1_231' title='bbox 1720 578 1874 631; x_wconf 90' lang='lat' dir='ltr'>iniqui-</span> 
     </span>
     <span class='ocr_line' id='line_1_52' title="bbox 1046 634 1328 674; baseline -0.004 0"><span class='ocrx_word' id='word_1_232' title='bbox 1046 634 1183 674; x_wconf 90' lang='lat' dir='ltr'>tatem</span> <span class='ocrx_word' id='word_1_233' title='bbox 1203 637 1251 674; x_wconf 88' lang='lat' dir='ltr'>tu</span> <span class='ocrx_word' id='word_1_234' title='bbox 1271 645 1328 674; x_wconf 92' lang='lat' dir='ltr'>es.</span> 
     </span>
    </p>

    <p class='ocr_par' dir='ltr' id='par_1_22' title="bbox 1044 693 1875 849">
     <span class='ocr_line' id='line_1_53' title="bbox 1096 693 1875 747; baseline 0.005 -13"><span class='ocrx_word' id='word_1_235' title='bbox 1096 693 1253 745; x_wconf 91' lang='lat' dir='ltr'>Neque</span> <span class='ocrx_word' id='word_1_236' title='bbox 1284 693 1504 736; x_wconf 70' lang='lat' dir='ltr'>habitabit</span> <span class='ocrx_word' id='word_1_237' title='bbox 1534 695 1656 747; x_wconf 89' lang='lat' dir='ltr'>juxta</span> <span class='ocrx_word' id='word_1_238' title='bbox 1683 700 1728 738; x_wconf 89' lang='lat' dir='ltr'>te</span> <span class='ocrx_word' id='word_1_239' title='bbox 1754 696 1875 738; x_wconf 90' lang='lat' dir='ltr'>mali-</span> 
     </span>
     <span class='ocr_line' id='line_1_54' title="bbox 1044 751 1874 805; baseline 0.006 -16"><span class='ocrx_word' id='word_1_240' title='bbox 1044 763 1170 801; x_wconf 90' lang='lat' dir='ltr'>gnus:</span> <span class='ocrx_word' id='word_1_241' title='bbox 1186 751 1209 777; x_wconf 88' lang='lat'>*</span> <span class='ocrx_word' id='word_1_242' title='bbox 1224 763 1366 802; x_wconf 92' lang='lat' dir='ltr'>neque</span> <span class='ocrx_word' id='word_1_243' title='bbox 1385 752 1708 803; x_wconf 89' lang='lat' dir='ltr'>permanebunt</span> <span class='ocrx_word' id='word_1_244' title='bbox 1726 752 1874 805; x_wconf 89' lang='lat' dir='ltr'>injusti</span> 
     </span>
     <span class='ocr_line' id='line_1_55' title="bbox 1045 806 1450 849; baseline 0.005 -2"><span class='ocrx_word' id='word_1_245' title='bbox 1045 811 1146 848; x_wconf 90' lang='lat' dir='ltr'>ante</span> <span class='ocrx_word' id='word_1_246' title='bbox 1165 806 1318 848; x_wconf 88' lang='lat' dir='ltr'>oculos</span> <span class='ocrx_word' id='word_1_247' title='bbox 1338 812 1450 849; x_wconf 89' lang='lat' dir='ltr'>tuos.</span> 
     </span>
    </p>

    <p class='ocr_par' dir='ltr' id='par_1_23' title="bbox 1045 867 1875 1032">
     <span class='ocr_line' id='line_1_56' title="bbox 1097 867 1874 922; baseline 0.006 -14"><span class='ocrx_word' id='word_1_248' title='bbox 1097 867 1243 910; x_wconf 85' lang='lat' dir='ltr'>Odisti</span> <span class='ocrx_word' id='word_1_249' title='bbox 1263 880 1426 919; x_wconf 91' lang='lat' dir='ltr'>omnes,</span> <span class='ocrx_word' id='word_1_250' title='bbox 1446 869 1521 922; x_wconf 91' lang='lat' dir='ltr'>qui</span> <span class='ocrx_word' id='word_1_251' title='bbox 1540 873 1781 922; x_wconf 77' lang='lat' dir='ltr'>operantur</span> <span class='ocrx_word' id='word_1_252' title='bbox 1797 872 1874 913; x_wconf 91' lang='lat' dir='ltr'>ini-</span> 
     </span>
     <span class='ocr_line' id='line_1_57' title="bbox 1045 924 1875 981; baseline 0.006 -16"><span class='ocrx_word' id='word_1_253' title='bbox 1045 924 1274 976; x_wconf 88' lang='lat' dir='ltr'>quitatem:</span> <span class='ocrx_word' id='word_1_254' title='bbox 1293 925 1317 951; x_wconf 88' lang='lat'>*</span> <span class='ocrx_word' id='word_1_255' title='bbox 1335 925 1497 978; x_wconf 86' lang='lat' dir='ltr'>perdes</span> <span class='ocrx_word' id='word_1_256' title='bbox 1524 939 1693 979; x_wconf 90' lang='lat' dir='ltr'>omnes,</span> <span class='ocrx_word' id='word_1_257' title='bbox 1719 928 1794 981; x_wconf 93' lang='lat' dir='ltr'>qui</span> <span class='ocrx_word' id='word_1_258' title='bbox 1812 928 1875 970; x_wconf 91' lang='lat' dir='ltr'>lo-</span> 
     </span>
     <span class='ocr_line' id='line_1_58' title="bbox 1045 982 1542 1032; baseline 0.006 -11"><span class='ocrx_word' id='word_1_259' title='bbox 1045 983 1237 1032; x_wconf 87' lang='lat' dir='ltr'>quuntur</span> <span class='ocrx_word' id='word_1_260' title='bbox 1256 982 1542 1024; x_wconf 88' lang='lat' dir='ltr'>mendacium.</span> 
     </span>
    </p>

    <p class='ocr_par' dir='ltr' id='par_1_24' title="bbox 1044 1041 1875 1201">
     <span class='ocr_line' id='line_1_59' title="bbox 1097 1041 1875 1094; baseline 0.008 -12"><span class='ocrx_word' id='word_1_261' title='bbox 1097 1041 1254 1083; x_wconf 92' lang='lat' dir='ltr'>Virum</span> <span class='ocrx_word' id='word_1_262' title='bbox 1290 1043 1551 1094; x_wconf 88' lang='lat' dir='ltr'>sanguinum</span> <span class='ocrx_word' id='word_1_263' title='bbox 1589 1049 1633 1087; x_wconf 87' lang='lat' dir='ltr'>et</span> <span class='ocrx_word' id='word_1_264' title='bbox 1670 1045 1875 1087; x_wconf 91' lang='lat' dir='ltr'>dolosum</span> 
     </span>
     <span class='ocr_line' id='line_1_60' title="bbox 1044 1097 1875 1153; baseline 0.008 -15"><span class='ocrx_word' id='word_1_265' title='bbox 1044 1097 1372 1140; x_wconf 90' lang='lat' dir='ltr'>abominabitur</span> <span class='ocrx_word' id='word_1_266' title='bbox 1403 1100 1515 1141; x_wconf 78' lang='lat' dir='ltr'>Dfis:</span> <span class='ocrx_word' id='word_1_267' title='bbox 1546 1101 1570 1127; x_wconf 90' lang='lat'>*</span> <span class='ocrx_word' id='word_1_268' title='bbox 1608 1114 1690 1153; x_wconf 90' lang='lat' dir='ltr'>ego</span> <span class='ocrx_word' id='word_1_269' title='bbox 1727 1107 1875 1144; x_wconf 87' lang='lat' dir='ltr'>autem</span> 
     </span>
     <span class='ocr_line' id='line_1_61' title="bbox 1044 1153 1875 1201; baseline 0.008 -7"><span class='ocrx_word' id='word_1_270' title='bbox 1044 1153 1088 1194; x_wconf 91' lang='lat' dir='ltr'>in</span> <span class='ocrx_word' id='word_1_271' title='bbox 1116 1153 1398 1197; x_wconf 87' lang='lat' dir='ltr'>multitudine</span> <span class='ocrx_word' id='word_1_272' title='bbox 1429 1156 1747 1200; x_wconf 86' lang='lat' dir='ltr'>misericordiae</span> <span class='ocrx_word' id='word_1_273' title='bbox 1775 1164 1875 1201; x_wconf 87' lang='lat' dir='ltr'>tuae.</span> 
     </span>
    </p>

    <p class='ocr_par' dir='ltr' id='par_1_25' title="bbox 1044 1214 1876 1370">
     <span class='ocr_line' id='line_1_62' title="bbox 1095 1214 1875 1262; baseline 0.01 -8"><span class='ocrx_word' id='word_1_274' title='bbox 1095 1214 1296 1256; x_wconf 87' lang='lat' dir='ltr'>Introibo</span> <span class='ocrx_word' id='word_1_275' title='bbox 1323 1215 1368 1256; x_wconf 90' lang='lat' dir='ltr'>in</span> <span class='ocrx_word' id='word_1_276' title='bbox 1394 1215 1574 1259; x_wconf 91' lang='lat' dir='ltr'>domum</span> <span class='ocrx_word' id='word_1_277' title='bbox 1598 1223 1733 1260; x_wconf 90' lang='lat' dir='ltr'>tuam:</span> <span class='ocrx_word' id='word_1_278' title='bbox 1752 1219 1776 1246; x_wconf 84' lang='lat'>*</span> <span class='ocrx_word' id='word_1_279' title='bbox 1801 1220 1875 1262; x_wconf 87' lang='lat' dir='ltr'>ad-</span> 
     </span>
     <span class='ocr_line' id='line_1_63' title="bbox 1044 1270 1876 1325; baseline 0.01 -14"><span class='ocrx_word' id='word_1_280' title='bbox 1044 1270 1183 1312; x_wconf 86' lang='lat' dir='ltr'>orabo</span> <span class='ocrx_word' id='word_1_281' title='bbox 1210 1270 1268 1313; x_wconf 92' lang='lat' dir='ltr'>ad</span> <span class='ocrx_word' id='word_1_282' title='bbox 1291 1272 1507 1325; x_wconf 89' lang='lat' dir='ltr'>templum</span> <span class='ocrx_word' id='word_1_283' title='bbox 1531 1279 1732 1317; x_wconf 86' lang='lat' dir='ltr'>sanctum</span> <span class='ocrx_word' id='word_1_284' title='bbox 1750 1280 1876 1318; x_wconf 88' lang='lat' dir='ltr'>tuum</span> 
     </span>
     <span class='ocr_line' id='line_1_64' title="bbox 1044 1327 1375 1370; baseline 0.009 -3"><span class='ocrx_word' id='word_1_285' title='bbox 1044 1327 1088 1368; x_wconf 91' lang='lat' dir='ltr'>in</span> <span class='ocrx_word' id='word_1_286' title='bbox 1107 1327 1267 1370; x_wconf 88' lang='lat' dir='ltr'>timore</span> <span class='ocrx_word' id='word_1_287' title='bbox 1287 1332 1375 1370; x_wconf 90' lang='lat' dir='ltr'>tuo.</span> 
     </span>
    </p>

    <p class='ocr_par' dir='ltr' id='par_1_26' title="bbox 1043 1383 1876 1550">
     <span class='ocr_line' id='line_1_65' title="bbox 1094 1383 1876 1440; baseline 0.01 -16"><span class='ocrx_word' id='word_1_288' title='bbox 1094 1383 1285 1427; x_wconf 86' lang='lat' dir='ltr'>Domine</span> <span class='ocrx_word' id='word_1_289' title='bbox 1304 1384 1449 1428; x_wconf 93' lang='lat' dir='ltr'>deduc</span> <span class='ocrx_word' id='word_1_290' title='bbox 1464 1387 1593 1429; x_wconf 89' lang='lat' dir='ltr'>mein</span> <span class='ocrx_word' id='word_1_291' title='bbox 1606 1389 1773 1440; x_wconf 82' lang='lat' dir='ltr'>justitia</span> <span class='ocrx_word' id='word_1_292' title='bbox 1786 1394 1876 1432; x_wconf 88' lang='lat' dir='ltr'>tua:</span> 
     </span>
     <span class='ocr_line' id='line_1_66' title="bbox 1043 1442 1876 1498; baseline 0.01 -17"><span class='ocrx_word' id='word_1_293' title='bbox 1043 1442 1067 1468; x_wconf 85' lang='lat'>*</span> <span class='ocrx_word' id='word_1_294' title='bbox 1086 1446 1270 1494; x_wconf 88' lang='lat' dir='ltr'>propter</span> <span class='ocrx_word' id='word_1_295' title='bbox 1293 1442 1495 1485; x_wconf 91' lang='lat' dir='ltr'>inimicos</span> <span class='ocrx_word' id='word_1_296' title='bbox 1519 1457 1643 1487; x_wconf 89' lang='lat' dir='ltr'>meos</span> <span class='ocrx_word' id='word_1_297' title='bbox 1668 1445 1809 1498; x_wconf 88' lang='lat' dir='ltr'>dirige</span> <span class='ocrx_word' id='word_1_298' title='bbox 1831 1447 1876 1488; x_wconf 89' lang='lat' dir='ltr'>in</span> 
     </span>
     <span class='ocr_line' id='line_1_67' title="bbox 1044 1499 1685 1550; baseline 0.008 -12"><span class='ocrx_word' id='word_1_299' title='bbox 1044 1499 1286 1550; x_wconf 89' lang='lat' dir='ltr'>conspectu</span> <span class='ocrx_word' id='word_1_300' title='bbox 1302 1504 1381 1541; x_wconf 89' lang='lat' dir='ltr'>tuo</span> <span class='ocrx_word' id='word_1_301' title='bbox 1399 1500 1516 1542; x_wconf 86' lang='lat' dir='ltr'>viam</span> <span class='ocrx_word' id='word_1_302' title='bbox 1531 1514 1685 1543; x_wconf 90' lang='lat' dir='ltr'>meam.</span> 
     </span>
    </p>

    <p class='ocr_par' dir='ltr' id='par_1_27' title="bbox 1043 1559 1875 1662">
     <span class='ocr_line' id='line_1_68' title="bbox 1095 1559 1875 1610; baseline 0.008 -10"><span class='ocrx_word' id='word_1_303' title='bbox 1095 1559 1312 1610; x_wconf 84' lang='lat' dir='ltr'>Quoniam</span> <span class='ocrx_word' id='word_1_304' title='bbox 1339 1573 1428 1602; x_wconf 92' lang='lat' dir='ltr'>non</span> <span class='ocrx_word' id='word_1_305' title='bbox 1456 1566 1524 1603; x_wconf 91' lang='lat' dir='ltr'>est</span> <span class='ocrx_word' id='word_1_306' title='bbox 1551 1562 1595 1603; x_wconf 94' lang='lat' dir='ltr'>in</span> <span class='ocrx_word' id='word_1_307' title='bbox 1621 1576 1698 1605; x_wconf 91' lang='lat' dir='ltr'>ore</span> <span class='ocrx_word' id='word_1_308' title='bbox 1723 1565 1875 1606; x_wconf 89' lang='lat' dir='ltr'>eorum</span> 
     </span>
     <span class='ocr_line' id='line_1_69' title="bbox 1043 1616 1809 1662; baseline 0.008 -6"><span class='ocrx_word' id='word_1_309' title='bbox 1043 1616 1221 1657; x_wconf 86' lang='lat' dir='ltr'>veritas:</span> <span class='ocrx_word' id='word_1_310' title='bbox 1238 1617 1261 1642; x_wconf 89' lang='lat'>*</span> <span class='ocrx_word' id='word_1_311' title='bbox 1281 1629 1358 1659; x_wconf 90' lang='lat' dir='ltr'>cor</span> <span class='ocrx_word' id='word_1_312' title='bbox 1378 1620 1531 1660; x_wconf 92' lang='lat' dir='ltr'>eorum</span> <span class='ocrx_word' id='word_1_313' title='bbox 1551 1632 1712 1661; x_wconf 90' lang='lat' dir='ltr'>vanum</span> <span class='ocrx_word' id='word_1_314' title='bbox 1731 1625 1809 1662; x_wconf 92' lang='lat' dir='ltr'>est.</span> 
     </span>
    </p>

    <p class='ocr_par' dir='ltr' id='par_1_28' title="bbox 1043 1676 1876 1842">
     <span class='ocr_line' id='line_1_70' title="bbox 1094 1676 1876 1733; baseline 0.008 -15"><span class='ocrx_word' id='word_1_315' title='bbox 1094 1676 1383 1730; x_wconf 78' lang='lat' dir='ltr'>Sepulchrum</span> <span class='ocrx_word' id='word_1_316' title='bbox 1422 1683 1579 1732; x_wconf 90' lang='lat' dir='ltr'>patens</span> <span class='ocrx_word' id='word_1_317' title='bbox 1620 1685 1688 1723; x_wconf 88' lang='lat' dir='ltr'>est</span> <span class='ocrx_word' id='word_1_318' title='bbox 1722 1686 1876 1733; x_wconf 86' lang='lat' dir='ltr'>guttur</span> 
     </span>
     <span class='ocr_line' id='line_1_71' title="bbox 1044 1734 1876 1790; baseline 0.006 -14"><span class='ocrx_word' id='word_1_319' title='bbox 1044 1736 1208 1784; x_wconf 89' lang='lat' dir='ltr'>eorum,</span> <span class='ocrx_word' id='word_1_320' title='bbox 1224 1734 1384 1786; x_wconf 87' lang='lat' dir='ltr'>linguis</span> <span class='ocrx_word' id='word_1_321' title='bbox 1400 1736 1490 1777; x_wconf 91' lang='lat' dir='ltr'>suis</span> <span class='ocrx_word' id='word_1_322' title='bbox 1505 1735 1660 1780; x_wconf 87' lang='lat' dir='ltr'>dolose</span> <span class='ocrx_word' id='word_1_323' title='bbox 1675 1737 1876 1790; x_wconf 79' lang='lat' dir='ltr'>agebant,</span> 
     </span>
     <span class='ocr_line' id='line_1_72' title="bbox 1043 1789 1502 1842; baseline 0.007 -11"><span class='ocrx_word' id='word_1_324' title='bbox 1043 1791 1066 1817; x_wconf 85' lang='lat'>*</span> <span class='ocrx_word' id='word_1_325' title='bbox 1085 1789 1230 1842; x_wconf 90' lang='lat' dir='ltr'>judica</span> <span class='ocrx_word' id='word_1_326' title='bbox 1248 1790 1350 1834; x_wconf 93' lang='lat' dir='ltr'>illos</span> <span class='ocrx_word' id='word_1_327' title='bbox 1369 1792 1502 1834; x_wconf 91' lang='lat' dir='ltr'>Deus.</span> 
     </span>
    </p>

    <p class='ocr_par' dir='ltr' id='par_1_29' title="bbox 1043 1851 1875 2066">
     <span class='ocr_line' id='line_1_73' title="bbox 1094 1851 1874 1907; baseline 0.008 -15"><span class='ocrx_word' id='word_1_328' title='bbox 1094 1851 1314 1894; x_wconf 88' lang='lat' dir='ltr'>Decidant</span> <span class='ocrx_word' id='word_1_329' title='bbox 1347 1865 1373 1894; x_wconf 89' lang='lat' dir='ltr'>a</span> <span class='ocrx_word' id='word_1_330' title='bbox 1400 1853 1743 1905; x_wconf 85' lang='lat' dir='ltr'>cogitationibus</span> <span class='ocrx_word' id='word_1_331' title='bbox 1771 1856 1874 1907; x_wconf 91' lang='lat' dir='ltr'>suis,</span> 
     </span>
     <span class='ocr_line' id='line_1_74' title="bbox 1043 1907 1874 1965; baseline 0.007 -17"><span class='ocrx_word' id='word_1_332' title='bbox 1043 1907 1286 1950; x_wconf 91' lang='lat' dir='ltr'>secundum</span> <span class='ocrx_word' id='word_1_333' title='bbox 1319 1909 1648 1952; x_wconf 77' lang='lat' dir='ltr'>multitudinem</span> <span class='ocrx_word' id='word_1_334' title='bbox 1674 1911 1874 1965; x_wconf 88' lang='lat' dir='ltr'>impieta-</span> 
     </span>
     <span class='ocr_line' id='line_1_75' title="bbox 1043 1966 1875 2021; baseline 0.007 -16"><span class='ocrx_word' id='word_1_335' title='bbox 1043 1969 1137 2006; x_wconf 90' lang='lat' dir='ltr'>tum</span> <span class='ocrx_word' id='word_1_336' title='bbox 1154 1966 1308 2006; x_wconf 92' lang='lat' dir='ltr'>eorum</span> <span class='ocrx_word' id='word_1_337' title='bbox 1326 1966 1498 2018; x_wconf 78' lang='lat' dir='ltr'>expelle</span> <span class='ocrx_word' id='word_1_338' title='bbox 1513 1979 1602 2019; x_wconf 82' lang='lat' dir='ltr'>eOS,</span> <span class='ocrx_word' id='word_1_339' title='bbox 1621 1968 1645 1994; x_wconf 86' lang='grc'>*</span> <span class='ocrx_word' id='word_1_340' title='bbox 1666 1969 1875 2021; x_wconf 90' lang='lat' dir='ltr'>quoniam</span> 
     </span>
     <span class='ocr_line' id='line_1_76' title="bbox 1044 2021 1606 2066; baseline 0.005 -4"><span class='ocrx_word' id='word_1_341' title='bbox 1044 2021 1325 2064; x_wconf 86' lang='lat' dir='ltr'>irritaverunt</span> <span class='ocrx_word' id='word_1_342' title='bbox 1343 2027 1388 2064; x_wconf 86' lang='lat' dir='ltr'>te</span> <span class='ocrx_word' id='word_1_343' title='bbox 1405 2023 1606 2066; x_wconf 85' lang='lat' dir='ltr'>Domine.</span> 
     </span>
    </p>

    <p class='ocr_par' dir='ltr' id='par_1_30' title="bbox 1043 2082 1874 2238">
     <span class='ocr_line' id='line_1_77' title="bbox 1094 2082 1874 2139; baseline 0.006 -16"><span class='ocrx_word' id='word_1_344' title='bbox 1094 2082 1151 2124; x_wconf 88' lang='lat' dir='ltr'>Et</span> <span class='ocrx_word' id='word_1_345' title='bbox 1170 2082 1374 2125; x_wconf 84' lang='lat' dir='ltr'>laetentur</span> <span class='ocrx_word' id='word_1_346' title='bbox 1395 2096 1566 2135; x_wconf 92' lang='lat' dir='ltr'>omnes,</span> <span class='ocrx_word' id='word_1_347' title='bbox 1594 2086 1670 2137; x_wconf 92' lang='lat' dir='ltr'>qui</span> <span class='ocrx_word' id='word_1_348' title='bbox 1694 2091 1874 2139; x_wconf 90' lang='lat' dir='ltr'>sperant</span> 
     </span>
     <span class='ocr_line' id='line_1_78' title="bbox 1043 2138 1874 2188; baseline 0.007 -9"><span class='ocrx_word' id='word_1_349' title='bbox 1043 2138 1087 2179; x_wconf 93' lang='lat' dir='ltr'>in</span> <span class='ocrx_word' id='word_1_350' title='bbox 1103 2143 1158 2188; x_wconf 86' lang='lat' dir='ltr'>te,</span> <span class='ocrx_word' id='word_1_351' title='bbox 1176 2139 1199 2165; x_wconf 88' lang='lat'>*</span> <span class='ocrx_word' id='word_1_352' title='bbox 1220 2139 1264 2180; x_wconf 90' lang='lat' dir='ltr'>in</span> <span class='ocrx_word' id='word_1_353' title='bbox 1281 2141 1496 2182; x_wconf 85' lang='lat' dir='ltr'>aeternum</span> <span class='ocrx_word' id='word_1_354' title='bbox 1513 2142 1811 2187; x_wconf 89' lang='lat' dir='ltr'>exsultabunt:</span> <span class='ocrx_word' id='word_1_355' title='bbox 1830 2148 1874 2185; x_wconf 89' lang='lat' dir='ltr'>et</span> 
     </span>
     <span class='ocr_line' id='line_1_79' title="bbox 1043 2195 1423 2238; baseline 0.005 -2"><span class='ocrx_word' id='word_1_356' title='bbox 1043 2195 1265 2237; x_wconf 87' lang='lat' dir='ltr'>habitabis</span> <span class='ocrx_word' id='word_1_357' title='bbox 1285 2196 1329 2237; x_wconf 91' lang='lat' dir='ltr'>in</span> <span class='ocrx_word' id='word_1_358' title='bbox 1350 2197 1423 2238; x_wconf 90' lang='lat' dir='ltr'>eis.</span> 
     </span>
    </p>

    <p class='ocr_par' dir='ltr' id='par_1_31' title="bbox 1043 2256 1874 2424">
     <span class='ocr_line' id='line_1_80' title="bbox 1094 2256 1871 2313; baseline 0.008 -16"><span class='ocrx_word' id='word_1_359' title='bbox 1094 2256 1151 2298; x_wconf 86' lang='lat' dir='ltr'>Et</span> <span class='ocrx_word' id='word_1_360' title='bbox 1170 2257 1476 2308; x_wconf 85' lang='lat' dir='ltr'>gloriabuntur</span> <span class='ocrx_word' id='word_1_361' title='bbox 1494 2259 1539 2300; x_wconf 93' lang='lat' dir='ltr'>in</span> <span class='ocrx_word' id='word_1_362' title='bbox 1554 2264 1598 2302; x_wconf 92' lang='lat' dir='ltr'>te</span> <span class='ocrx_word' id='word_1_363' title='bbox 1614 2273 1779 2311; x_wconf 92' lang='lat' dir='ltr'>omnes,</span> <span class='ocrx_word' id='word_1_364' title='bbox 1799 2262 1871 2313; x_wconf 90' lang='lat' dir='ltr'>qui</span> 
     </span>
     <span class='ocr_line' id='line_1_81' title="bbox 1044 2312 1874 2370; baseline 0.008 -17"><span class='ocrx_word' id='word_1_365' title='bbox 1044 2312 1230 2365; x_wconf 87' lang='lat' dir='ltr'>diligunt</span> <span class='ocrx_word' id='word_1_366' title='bbox 1258 2327 1418 2356; x_wconf 92' lang='lat' dir='ltr'>nomen</span> <span class='ocrx_word' id='word_1_367' title='bbox 1446 2321 1589 2367; x_wconf 91' lang='lat' dir='ltr'>tuum,</span> <span class='ocrx_word' id='word_1_368' title='bbox 1613 2318 1638 2343; x_wconf 87' lang='lat'>*</span> <span class='ocrx_word' id='word_1_369' title='bbox 1666 2318 1874 2370; x_wconf 89' lang='lat' dir='ltr'>quoniam</span> 
     </span>
     <span class='ocr_line' id='line_1_82' title="bbox 1043 2369 1490 2424; baseline 0.007 -13"><span class='ocrx_word' id='word_1_370' title='bbox 1043 2374 1091 2412; x_wconf 90' lang='lat' dir='ltr'>tu</span> <span class='ocrx_word' id='word_1_371' title='bbox 1110 2369 1346 2413; x_wconf 89' lang='lat' dir='ltr'>benedices</span> <span class='ocrx_word' id='word_1_372' title='bbox 1365 2372 1490 2424; x_wconf 91' lang='lat' dir='ltr'>justo.</span> 
     </span>
    </p>

    <p class='ocr_par' dir='ltr' id='par_1_32' title="bbox 1042 2431 1873 2533">
     <span class='ocr_line' id='line_1_83' title="bbox 1094 2431 1873 2482; baseline 0.009 -11"><span class='ocrx_word' id='word_1_373' title='bbox 1094 2431 1295 2482; x_wconf 90' lang='lat' dir='ltr'>Domine,</span> <span class='ocrx_word' id='word_1_374' title='bbox 1314 2438 1362 2474; x_wconf 92' lang='lat' dir='ltr'>ut</span> <span class='ocrx_word' id='word_1_375' title='bbox 1381 2439 1509 2476; x_wconf 86' lang='lat' dir='ltr'>scuto</span> <span class='ocrx_word' id='word_1_376' title='bbox 1527 2434 1659 2476; x_wconf 87' lang='lat' dir='ltr'>bonae</span> <span class='ocrx_word' id='word_1_377' title='bbox 1674 2435 1873 2478; x_wconf 87' lang='lat' dir='ltr'>volunta-</span> 
     </span>
     <span class='ocr_line' id='line_1_84' title="bbox 1042 2487 1604 2533; baseline 0.009 -5"><span class='ocrx_word' id='word_1_378' title='bbox 1042 2487 1098 2529; x_wconf 90' lang='lat' dir='ltr'>tis</span> <span class='ocrx_word' id='word_1_379' title='bbox 1117 2491 1206 2529; x_wconf 83' lang='lat' dir='ltr'>tuae</span> <span class='ocrx_word' id='word_1_380' title='bbox 1226 2488 1249 2514; x_wconf 88' lang='lat'>*</span> <span class='ocrx_word' id='word_1_381' title='bbox 1269 2491 1494 2532; x_wconf 88' lang='lat' dir='ltr'>coronasti</span> <span class='ocrx_word' id='word_1_382' title='bbox 1512 2503 1604 2533; x_wconf 88' lang='lat' dir='ltr'>nos.</span> 
     </span>
    </p>

    <p class='ocr_par' dir='ltr' id='par_1_33' title="bbox 1042 2549 1875 2770">
     <span class='ocr_line' id='line_1_85' title="bbox 1096 2549 1875 2595; baseline 0.008 -6"><span class='ocrx_word' id='word_1_383' title='bbox 1096 2549 1196 2590; x_wconf 89' lang='lat' dir='ltr'>Ant.</span> <span class='ocrx_word' id='word_1_384' title='bbox 1221 2550 1345 2592; x_wconf 85' lang='lat' dir='ltr'>Dixit</span> <span class='ocrx_word' id='word_1_385' title='bbox 1364 2552 1593 2594; x_wconf 88' lang='lat' dir='ltr'>Romanus</span> <span class='ocrx_word' id='word_1_386' title='bbox 1617 2552 1674 2594; x_wconf 89' lang='lat' dir='ltr'>ad</span> <span class='ocrx_word' id='word_1_387' title='bbox 1697 2552 1875 2595; x_wconf 86' lang='lat' dir='ltr'>beatum</span> 
     </span>
     <span class='ocr_line' id='line_1_86' title="bbox 1042 2606 1874 2661; baseline 0.005 -14"><span class='ocrx_word' id='word_1_388' title='bbox 1042 2606 1342 2649; x_wconf 80' lang='lat' dir='ltr'>Laurentium:</span> <span class='ocrx_word' id='word_1_389' title='bbox 1371 2607 1518 2650; x_wconf 88' lang='lat' dir='ltr'>Video</span> <span class='ocrx_word' id='word_1_390' title='bbox 1549 2614 1650 2651; x_wconf 89' lang='lat' dir='ltr'>ante</span> <span class='ocrx_word' id='word_1_391' title='bbox 1682 2614 1728 2651; x_wconf 90' lang='lat' dir='ltr'>te</span> <span class='ocrx_word' id='word_1_392' title='bbox 1759 2610 1874 2661; x_wconf 89' lang='lat' dir='ltr'>juve-</span> 
     </span>
     <span class='ocr_line' id='line_1_87' title="bbox 1043 2663 1873 2716; baseline 0.005 -13"><span class='ocrx_word' id='word_1_393' title='bbox 1043 2676 1142 2704; x_wconf 95' lang='lat' dir='ltr'>nem</span> <span class='ocrx_word' id='word_1_394' title='bbox 1160 2663 1515 2716; x_wconf 86' lang='lat' dir='ltr'>pulcherrimum,</span> <span class='ocrx_word' id='word_1_395' title='bbox 1535 2665 1694 2708; x_wconf 89' lang='lat' dir='ltr'>festina</span> <span class='ocrx_word' id='word_1_396' title='bbox 1711 2678 1782 2707; x_wconf 92' lang='lat' dir='ltr'>me</span> <span class='ocrx_word' id='word_1_397' title='bbox 1801 2665 1873 2707; x_wconf 90' lang='lat' dir='ltr'>ba-</span> 
     </span>
     <span class='ocr_line' id='line_1_88' title="bbox 1042 2719 1222 2770; baseline 0.006 -10"><span class='ocrx_word' id='word_1_398' title='bbox 1042 2719 1222 2770; x_wconf 87' lang='lat' dir='ltr'>ptizare.</span> 
     </span>
    </p>
   </div>
   <div class='ocr_carea' id='block_1_8' title="bbox 107 134 1936 2831">
    <p class='ocr_par' dir='ltr' id='par_1_34' title="bbox 107 134 1936 2831">
     <span class='ocr_line' id='line_1_89' title="bbox 107 134 1936 2831; baseline 0 0"><span class='ocrx_word' id='word_1_399' title='bbox 107 134 1936 2831; x_wconf 95' lang='lat' dir='ltr'> </span> 
     </span>
    </p>
   </div>
  </div>
 </body>
</html>
