2040 2976
486 203 663 237 Officium
689 203 862 237 votivum
889 203 935 237 dc
959 205 1016 238 Ss.
1042 204 1245 246 Apostolis
1272 204 1385 237 I'etro
1411 209 1447 238 ct
1471 204 1603 238 Paulo.

180 303 288 347 stas,
316 310 404 338 una
430 297 651 348 divinitas,
678 297 723 338 in
749 298 911 340 saecula
936 311 1014 339 sae-

182 354 390 395 culorum.
419 354 572 395 Amen.

238 412 283 461 R.
310 410 391 452 Isti
410 415 511 452 sunt
529 410 886 463 triumphatores.
913 411 968 463 [8]

406 490 454 528 In
474 491 543 529 III.
565 491 788 530 Nocturno.

186 548 335 589 Lectio
363 547 504 589 sancti
523 548 750 598 Evangelii
774 547 1015 589 secundum

465 603 734 646 Matthaeum.

260 667 413 706 Lectio
438 667 503 705 vii.
703 668 805 719 Cap.
822 669 879 707 19.
898 667 935 707 d.

230 746 257 772 n
284 732 358 773 illo
385 733 603 783 tempore:
630 729 753 770 Dixit
775 730 933 771 Petrus
959 731 1016 772 ad

256 789 280 829 J
283 801 426 829 esum:
471 787 588 828 Ecce
633 799 715 827 nos
760 786 1015 838 reliquimus

183 845 347 894 omnia,
381 850 424 885 et
457 842 596 884 secuti
628 855 777 882 sumus
809 848 872 883 te:
911 841 1016 894 quid

183 914 289 951 ergo
310 900 391 942 erit
409 898 561 941 nobis?
590 899 647 939 Et
666 898 845 950 reliqua.

295 973 485 1014 Homilia
514 971 655 1013 sancti
682 971 909 1013 Ambrosii

489 1027 712 1081 Episcopi.

233 1091 271 1123 In
299 1092 357 1124 ΡΗ.
386 1091 457 1124 118.
491 1091 607 1123 Scrm.
632 1090 663 1122 8.
691 1094 779 1132 post
807 1090 965 1123 initium.

264 1154 379 1187 cce
406 1154 488 1182 nos
518 1140 664 1182 omnia
692 1140 1017 1193 dereliquimus,

192 1215 197 1245 J
319 1203 363 1240 et
387 1197 526 1239 secuti
551 1210 701 1238 sumus
723 1202 779 1238 te.
817 1197 917 1238 Hoc
939 1202 1018 1247 est,

208 1253 284 1277 ’ἓ
318 1267 406 1295 11011
431 1253 713 1306 quaesivimus
739 1266 838 1305 quae
867 1253 1018 1294 saeculi

184 1315 304 1360 sunt,
335 1323 423 1351 non
453 1310 734 1361 quaesivimus
761 1314 934 1362 partem
962 1309 1017 1351 de

183 1365 560 1419 possessionibuS,
604 1365 683 1407 sed
721 1370 765 1407 te
807 1365 1018 1417 elegimus

183 1423 445 1476 portionem.
478 1422 714 1474 Reliquisti
734 1435 839 1473 ergo
860 1423 1017 1473 omnia,

183 1480 332 1529 Petre‚
364 1492 463 1531 quae
490 1478 704 1529 habebas3
737 1478 854 1520 unde
881 1478 1019 1521 habes

186 1535 307 1587 quod
326 1535 488 1576 habere
508 1540 552 1576 te
573 1533 704 1576 dicis?
738 1535 886 1586 Surgit
906 1535 1018 1576 clau-

186 1591 279 1641 dus,
305 1597 348 1632 et
370 1604 479 1632 sono
499 1591 563 1632 tui
587 1591 801 1632 sermonis
823 1592 1019 1642 erigitur:

186 1648 419 1688 sanitatem
448 1647 543 1688 eliis
569 1646 724 1698 donas,
755 1647 829 1699 qui
856 1646 1019 1698 indige-

185 1703 265 1744 bas
288 1703 384 1755 ipse
402 1708 491 1744 tuae
517 1703 670 1744 salutis
692 1703 866 1744 auxilio.
903 1703 1018 1744 Reli-

187 1759 320 1811 quisti
345 1771 450 1810 ergo
477 1772 576 1811 quae
600 1758 810 1809 habebas,
838 1764 881 1800 et
905 1761 1019 1812 cepi—

186 1816 253 1865 sti,
271 1829 370 1867 quae
385 1828 473 1857 non
487 1814 694 1856 habebas.
726 1815 925 1856 Christus
940 1814 1019 1856 tibi

185 1873 348 1924 portio,
373 1871 572 1913 Christus
591 1870 671 1912 tibi
690 1871 916 1924 possessio
937 1876 1020 1912 est:

185 1927 300 1968 illius
323 1941 484 1969 nomen
506 1927 586 1969 tibi
609 1927 880 1977 munificum,
904 1927 1019 1968 illius

185 1996 346 2025 nomen
376 1984 455 2025 tibi
484 1989 551 2025 est
579 1983 872 2033 fructuosum,
903 1983 1019 2024 illius

186 2036 346 2081 nomen
383 2040 463 2082 tibi
502 2039 668 2082 trIbuta
704 2039 934 2093 dependit,
976 2046 1020 2082 et

185 2095 303 2136 bona
337 2096 520 2146 tributa,
558 2109 646 2137 non
682 2096 902 2148 pecuniae,
940 2095 1020 2138 sed

185 2152 350 2202 gratiae.

239 2208 289 2258 Ην.
314 2207 393 2248 Isti
412 2213 511 2249 sunt
532 2207 607 2259 qui
626 2207 834 2250 viventes.
863 2208 932 2260 [11]

473 2264 624 2304 Lectio
645 2265 728 2304 viii.

270 2318 505 2370 uicumque
516 2319 740 2371 reliquerit
750 2326 934 2372 patrem,
945 2327 1020 2363 aut

295 2379 498 2423 matrem,
522 2380 597 2416 aut
618 2375 814 2425 domum,
840 2382 916 2418 aut
937 2377 1018 2418 fra-

186 2434 292 2480 tres,
317 2435 392 2472 aut
416 2432 609 2479 sororeS‚
634 2431 887 2483 centuplum
908 2436 1027 2474 acci--

186 2486 278 2538 piet
299 2486 342 2526 in
361 2485 447 2528 hoc
470 2486 650 2535 saeculo,
675 2492 718 2528 et
742 2488 877 2529 vitam
897 2491 1019 2531 aeter-

1068 311 1169 339 nam
1187 298 1446 351 possidebit.
1477 297 1642 339 Multos
1663 297 1840 349 quidem
1857 297 1900 338 in

1067 354 1154 395 hoc
1191 354 1377 404 saeculo,
1415 354 1490 406 qui
1522 367 1601 395 sua
1632 353 1901 406 pauperibus

1069 410 1359 460 donaverunt,
1382 410 1588 452 uberiore
1610 409 1820 452 thesauro
1840 410 1902 452 lo-

1069 467 1317 519 cupletatos
1337 467 1472 508 fuisse
1492 467 1790 518 cognovimus.
1821 466 1903 508 Est

1068 523 1388 576 pulcherrimus
1421 523 1566 573 locus,
1599 528 1649 564 ut
1682 522 1814 564 etiam
1846 521 1904 563 ad

1069 579 1416 620 misericordiam
1451 580 1762 632 provocentur.
1815 577 1904 620 Sed

1068 648 1158 677 non
1184 635 1347 677 debent
1375 648 1401 676 a
1425 636 1618 677 Domino
1645 635 1903 677 saeculArem

1068 691 1321 744 hujusmodi
1343 694 1519 743 exigere
1538 691 1799 742 mercedem,
1821 703 1905 733 nec

1070 751 1248 801 sperare
1274 761 1373 800 quae
1395 747 1547 790 mundi
1570 753 1687 799 sunt;
1715 747 1795 790 sed
1815 761 1902 789 ma-

1069 805 1148 855 gis,
1172 805 1273 857 quia
1291 805 1356 855 iis,
1380 805 1455 857 qui
1475 805 1620 846 omnia
1638 804 1905 857 reliquerint,

1070 861 1191 902 Deus
1218 862 1365 914 portio
1395 866 1473 903 est.
1526 862 1629 914 Ipse
1657 866 1725 903 est
1751 861 1905 913 titique

1070 930 1239 959 merces
1262 918 1460 971 perfecta
1478 918 1699 968 virtutum,
1724 917 1799 970 qui
1816 930 1906 959 non

1071 974 1266 1027 centupli
1293 974 1635 1025 enumeratione,
1661 973 1742 1016 sed
1764 973 1904 1027 perfe-

1071 1034 1155 1071 ctae
1180 1030 1464 1083 plenitudinis
1491 1031 1782 1073 aestimatione
1808 1043 1904 1072 cen-

1071 1087 1202 1128 setur.
1238 1087 1347 1138 Ego,
1367 1087 1519 1139 inquit,
1537 1088 1659 1129 Deus
1677 1092 1779 1129 tuus
1799 1100 1906 1128 sum.

1070 1142 1173 1184 Non
1193 1141 1315 1185 dixit:
1338 1143 1439 1192 Ero,
1461 1143 1555 1185 sed:
1578 1144 1604 1184 J
1606 1157 1676 1185 am
1695 1156 1803 1194 sum,
1822 1144 1906 1195 iam

1071 1198 1281 1249 inhebitQ
1301 1200 1386 1251 jam
1405 1199 1628 1252 possideo.

1123 1258 1174 1308 Rv.
1202 1255 1282 1296 Isti
1303 1260 1404 1297 sunt
1423 1256 1504 1296 viri
1523 1256 1675 1298 sancti.
1706 1255 1776 1309 [11]

1374 1325 1527 1366 Lectio
1547 1326 1601 1366 ix.

1070 1382 1273 1486 Habes
1291 1385 1425 1428 homo
1451 1386 1565 1428 inter
1586 1386 1723 1428 multa
1745 1388 1907 1439 propo-

1195 1442 1288 1492 sita,
1315 1443 1447 1484 etiam
1468 1442 1719 1495 hujusmodi
1740 1442 1905 1496 portio-

1073 1511 1183 1540 nem.
1235 1499 1475 1552 Proposuit
1505 1498 1586 1540 tibi
1617 1499 1833 1540 Dominus
1863 1498 1908 1540 in

1072 1555 1276 1608 portione
1295 1555 1615 1608 possessiones,
1639 1556 1685 1596 in
1702 1555 1908 1608 portione

1074 1624 1246 1660 aurum,
1278 1611 1322 1652 in
1350 1612 1556 1665 portione
1585 1613 1833 1663 argentum,
1864 1611 1909 1653 in

1073 1667 1278 1720 portione
1302 1667 1508 1717 honores,
1536 1668 1581 1708 in
1605 1667 1810 1720 portione
1832 1679 1908 1709 no-

1073 1723 1303 1774 bilitatem,
1327 1724 1563 1777 proposuit
1585 1724 1719 1765 etiam
1741 1724 1785 1764 in
1807 1736 1908 1777 por-

1074 1779 1193 1821 tione
1213 1782 1418 1832 seipsum.
1455 1779 1607 1821 Habes
1625 1780 1756 1831 igitur
1774 1780 1907 1833 phiri-

1072 1849 1167 1877 mas
1192 1836 1436 1888 portiones3
1466 1836 1577 1887 elige
1604 1849 1736 1888 quam
1760 1841 1908 1889 putas;

1073 1905 1162 1933 non
1181 1897 1225 1933 te
1247 1895 1456 1934 numerus
1474 1892 1715 1945 perturbet,
1737 1891 1818 1934 sed
1836 1893 1907 1933 ex-

1074 1948 1179 1990 citet
1204 1949 1362 2000 gratia3
1390 1962 1479 1990 non
1504 1954 1548 1991 te
1575 1948 1702 1990 labor
1728 1950 1908 1998 avertat,

1074 2003 1153 2046 sed
1172 2004 1341 2047 fructus
1358 2005 1524 2050 invitet.
1575 2005 1639 2047 Te
1664 2005 1820 2047 Deum.
1847 2005 1906 2046 13.

1341 2086 1418 2127 Ad
1439 2086 1649 2128 Laudes.

1126 2142 1175 2193 V·
1204 2150 1256 2190 In
1285 2161 1460 2190 omnem
1486 2154 1650 2190 terram
1677 2147 1812 2190 exivit
1838 2161 1907 2189 so-

1074 2218 1155 2246 nus
1188 2207 1352 2246 eorum.
1398 2204 1449 2255 Rz.
1484 2206 1542 2247 Et
1573 2205 1617 2245 in
1645 2204 1756 2246 fines
1788 2203 1908 2246 orbis

1073 2267 1204 2303 terrae
1223 2261 1360 2303 verba
1375 2256 1542 2303 eorum.

1127 2320 1197 2361 Ad
1218 2319 1379 2361 Bened.
1400 2320 1500 2361 Ant.
1534 2319 1729 2363 Gloriosi
1750 2321 1907 2374 princi-

1073 2391 1154 2430 pes
1177 2383 1325 2427 terrae,
1350 2378 1374 2402 *
1398 2377 1624 2428 quomodo
1649 2377 1693 2418 in
1715 2378 1806 2419 vita
1829 2390 1908 2418 sua

1075 2433 1321 2475 dilexerunt
1345 2445 1408 2483 se,
1436 2433 1496 2474 ita
1521 2439 1564 2476 et
1587 2434 1631 2474 in
1653 2439 1797 2475 morte
1820 2445 1908 2475 non

1075 2495 1175 2531 sunt
1194 2489 1399 2542 separati.
