2040 2976
708 206 916 237 Commune
943 204 1189 236 confessoris
1218 203 1422 236 pontificis.

266 301 398 351 Hujus
416 299 629 349 benignus
648 299 788 339 annue

307 355 447 397 Nobis
468 354 592 407 sequi
611 354 810 404 vestigia:

309 413 448 463 Hujus
466 413 650 464 precatu
669 409 854 451 servulis

309 469 490 510 Dimitte
512 480 672 509 noxam
693 467 894 508 criminis.

261 539 324 580 Sit
343 538 512 579 Christe
531 537 629 578 Rex
644 536 837 588 piissime

309 594 421 643 Tibi,
449 594 656 645 Patrique
675 592 825 644 gloria,

312 651 420 692 Cum
438 650 602 703 Spiritu
621 649 851 698 Paraclito,

309 707 436 748 Nunc
456 712 500 748 et
518 719 599 759 per
616 718 745 748 omne
765 705 984 747 saeculum.

517 763 669 804 Amen.

260 829 308 876 Y.
334 827 358 867 J
360 832 505 868 ustum
524 826 706 868 deduxit
719 826 934 867 Dominus
953 838 1032 878 per

207 883 300 924 vias
319 888 471 924 rectas.
509 887 556 936 R.
586 883 642 923 Et
669 882 860 923 ostendit
883 881 945 922 illi
968 894 1031 923 re-

207 952 340 990 gnum
357 939 452 981 Dei.
532 945 536 948 ’

264 1007 327 1046 λι]
345 1006 501 1047 Bcned.
521 1008 618 1045 Ant.
639 1007 760 1054 Euge
776 1016 902 1045 serve
916 1003 1032 1045 bone

207 1062 230 1087 *
264 1066 307 1102 et
338 1061 495 1110 fidelis,
533 1061 634 1112 quia
666 1060 711 1101 in
742 1073 882 1112 pauca
915 1060 1033 1102 fuisti

207 1116 360 1165 fidelis,
388 1131 519 1170 supra
537 1117 673 1158 multa
692 1121 736 1158 te
758 1118 1031 1167 constituam,

208 1173 312 1215 dicit
330 1174 556 1215 Dominus.

542 1248 704 1288 Oratio.

208 1303 332 1407 Da,
349 1306 598 1356 quaesumus
610 1306 889 1357 omnipotens
896 1305 1031 1346 Deus:

316 1365 363 1401 ut
382 1360 500 1402 beati
525 1362 574 1401 N.
594 1360 869 1402 Confessoris
889 1361 953 1402 tui
971 1367 1031 1403 at-

207 1421 291 1469 que
309 1416 534 1458 Pontificis
558 1417 808 1459 veneranda
832 1418 1031 1459 solemni-

205 1478 291 1523 tas,
329 1478 372 1514 et
399 1472 679 1515 devotionem
706 1473 835 1515 nobis
863 1478 1031 1525 augeat,

207 1535 250 1571 et
269 1529 465 1571 salutem.
501 1530 585 1571 Per
602 1530 850 1572 Dominum.

483 1603 578 1641 Alia
601 1602 762 1641 Oratio.

205 1654 429 1760 Exaudi,
451 1661 701 1711 quaesumus
717 1660 916 1710 Domine,
934 1675 1030 1714 pre-

313 1728 385 1757 ces
412 1721 596 1765 nostras‚
634 1729 742 1768 quas
768 1717 811 1756 in
839 1716 956 1758 beati
982 1717 1033 1757 N.

206 1771 481 1814 Confessoris
527 1773 591 1814 tui
632 1777 764 1825 atque
806 1774 1031 1816 Pontificis

206 1828 484 1871 solemnitate
513 1828 762 1870 deferimus:
795 1834 839 1871 et
858 1830 931 1882 qui
951 1830 1031 1872 tibi

206 1884 335 1936 digne
359 1886 517 1927 meruit
540 1885 754 1935 famulari,
788 1887 879 1938 ejus
903 1887 1030 1928 inter-

207 1941 463 1983 cedentibus
477 1942 642 1984 meritis
660 1941 714 1983 ab
731 1942 931 1984 omnibus
950 1956 1031 1984 nos

207 1997 386 2040 absolve
405 1999 610 2051 peccatis
637 1999 722 2040 Per
740 1999 988 2041 Dominum.

318 2069 399 2107 Pro
424 2069 625 2108 Doctore.
768 2068 931 2108 Oratio.

213 2124 394 2228 Deus,
436 2129 510 2180 qui
541 2129 708 2181 populo
743 2134 820 2171 tuo
855 2131 1032 2171 aeternae

325 2183 475 2225 salutis
502 2184 681 2227 beatum
713 2187 762 2227 N.
789 2186 1032 2228 ministrum

206 2239 415 2281 tribuisti:
459 2246 621 2293 praesta
662 2244 930 2294 quaesumus;
975 2248 1032 2294 ut,

209 2309 338 2348 quem
357 2297 597 2339 Doctorem
615 2298 716 2339 vitae
735 2298 966 2341 habuimus
989 2300 1031 2340 in

207 2353 346 2403 terris,
370 2353 704 2396 intercessorem
723 2354 886 2396 habere
904 2369 1034 2398 mere-

209 2411 333 2451 amur
352 2410 395 2450 in
417 2409 551 2451 coelis.
578 2410 662 2452 Per
681 2411 928 2452 Dominum.

476 2487 543 2524 Ad
566 2488 768 2525 Tertiam.

266 2548 364 2587 Ant.
392 2546 489 2585 Non
508 2549 575 2586 est
594 2545 805 2587 inventus.

269 2607 404 2657 Capit.
428 2607 544 2646 Ecce
563 2605 779 2647 sacerdos.
807 2607 890 2659 [57]

269 2667 396 2718 R·.b1·.
435 2666 612 2707 Amavit
640 2678 739 2707 eum
766 2667 991 2717 Dominus,
1015 2672 1035 2693 *

210 2723 265 2764 Et
281 2722 452 2765 ornavit
466 2735 575 2764 eum.
594 2722 780 2764 Amavit.
805 2722 853 2771 Y.
867 2723 1034 2766 Stolam

1082 294 1234 345 gloriae
1258 293 1398 336 induit
1422 306 1532 335 eum.
1560 294 1627 336 Et.
1663 294 1813 337 Gloria
1829 295 1909 336 Pa-

1082 351 1149 392 tri.
1177 350 1366 392 Amavit.

1140 408 1189 459 ys
1225 410 1370 462 Elegit
1398 423 1496 452 eum
1525 411 1741 453 Dominus
1769 423 1909 453 saeer-

1084 467 1232 509 dotem
1261 467 1352 508 sibi.
1403 469 1451 520 R
1476 467 1549 509 Ad
1577 467 1911 510 sacrificandum

1084 524 1123 565 ei
1151 524 1339 565 hostiam
1365 523 1518 565 laudis.

1356 601 1423 637 Ad
1446 600 1634 638 Sextam.

1141 663 1174 700 A
1185 667 1238 700 nt.
1269 656 1373 700 Ideo
1393 658 1681 711 iureiurando.

1142 726 1396 777 Capitulum.
1602 723 1731 765 Eccli.
1746 725 1812 764 44.
1829 738 1862 765 c.

1082 777 1237 885 Non
1258 789 1323 825 est
1343 784 1546 826 inventus
1567 784 1719 826 similis
1737 785 1810 835 illi,
1837 785 1912 838 qui

1215 843 1499 883 conservaret
1531 841 1674 893 legem
1717 841 1912 883 Excelsi:

1083 895 1184 938 ideo
1204 897 1480 949 jurejurando
1502 897 1604 939 fecit
1624 897 1746 939 illum
1764 898 1912 939 Domi-

1083 965 1166 1000 nus
1185 955 1383 995 crescere
1400 954 1444 994 in
1462 953 1641 1006 plebem
1660 967 1794 996 suam.

1140 1016 1161 1055 I
1173 1035 1191 1054 ν.
1208 1015 1268 1054 br.
1288 1010 1432 1061 Elegit
1452 1023 1551 1052 eum
1565 1011 1780 1052 Dominus
1803 1012 1824 1035 *
1839 1011 1911 1052 Sa-

1084 1078 1157 1107 cer
1192 1068 1310 1108 otem
1329 1066 1422 1108 sibi.
1446 1066 1600 1118 Elegit.
1625 1064 1673 1115 V.
1692 1066 1765 1108 Ad
1783 1067 1912 1108 sacri-

1083 1122 1305 1164 ficandum
1325 1123 1363 1164 ei
1382 1122 1570 1165 hostiam
1588 1122 1741 1164 laudis.
1764 1123 1912 1166 Sacer-

1085 1179 1245 1221 dotem.
1277 1178 1426 1222 Gloria
1444 1180 1575 1222 Patri.
1602 1179 1757 1231 Elegit.

1143 1235 1192 1286 V.
1214 1236 1283 1277 Tu
1311 1248 1359 1278 es
1385 1236 1593 1278 sacerdos
1620 1237 1664 1277 in
1690 1237 1913 1278 aeternum.

1091 1299 1140 1349 R.
1185 1292 1435 1334 Secundum
1487 1292 1685 1335 ordinem
1735 1292 1912 1335 Melchi-

1084 1348 1256 1391 sedech.

1363 1401 1431 1438 Ad
1454 1402 1638 1438 Nonam.

1143 1461 1241 1501 Ant.
1268 1462 1402 1501 Serve
1421 1458 1549 1500 bone.

1196 1524 1454 1576 Capitulum.
1562 1522 1692 1567 Eccli.
1705 1523 1771 1562 45.
1782 1535 1815 1563 c.

1172 1588 1275 1639 ungi
1295 1587 1558 1638 sacerdotio,
1583 1593 1627 1630 et
1645 1587 1807 1630 habere
1825 1587 1913 1629 lau·
1966 1596 1970 1603 “

1174 1645 1275 1687 dem
1289 1645 1333 1685 in
1348 1645 1524 1686 nomine
1538 1644 1686 1696 ipsius,
1697 1649 1741 1686 et
1756 1643 1914 1686 offerre

1083 1701 1145 1742 illi
1176 1702 1403 1743 incensum
1434 1700 1614 1752 dignum
1649 1701 1693 1740 in
1728 1699 1913 1742 odorem

1083 1757 1322 1800 suavitatis.

1144 1816 1193 1866 R.
1215 1815 1277 1854 br.
1290 1813 1360 1855 Tu
1379 1825 1426 1854 es
1447 1811 1655 1854 sacerdos
1682 1814 1704 1836 *
1718 1813 1770 1854 In
1789 1814 1912 1854 aeter-

1083 1884 1196 1912 num.
1232 1870 1312 1911 Tu.
1355 1867 1405 1918 V.
1432 1868 1680 1911 Secundum
1713 1868 1913 1911 ordinem

1083 1925 1419 1969 Melchisedech.
1437 1926 1500 1966 In.
1524 1925 1673 1967 Gloria
1686 1925 1816 1967 Patri.
1832 1925 1912 1967 Tu.

1144 1981 1228 2032 XXJ
1230 1988 1376 2024 ustum
1395 1981 1579 2024 deduxit
1593 1981 1809 2023 Dominus
1829 1994 1911 2034 per

1083 2040 1176 2081 vias
1202 2044 1355 2081 rectas.
1397 2042 1447 2092 R».
1469 2039 1526 2080 Et
1550 2037 1743 2080 ostendit
1765 2037 1827 2079 illi
1849 2051 1913 2080 re-

1083 2109 1216 2147 gnum
1235 2097 1330 2138 Dei.

1290 2165 1352 2205 In
1374 2164 1436 2204 11.
1451 2163 1704 2214 vesperis.

1144 2229 1230 2262 Ant.
1251 2228 1297 2261 de
1316 2225 1526 2269 Laud.[57]‚
1556 2226 1617 2260 Ps.
1639 2231 1680 2260 ut
1704 2226 1742 2259 in
1760 2225 1786 2259 I.
1801 2225 1917 2268 Vesp.

1092 2277 1139 2311 de
1157 2275 1359 2311 Communi
1376 2276 1513 2318 Apost.
1525 2273 1572 2318 [2]
1600 2280 1636 2309 et
1651 2275 1739 2308 loco
1756 2272 1881 2308 ultimi

1356 2332 1555 2372 psalmus
1575 2333 1653 2372 131.

1092 2384 1367 2490 Memento
1402 2386 1589 2428 Domine
1621 2385 1781 2435 David,
1812 2386 1836 2411 *
1870 2376 1941 2427 (π’

1214 2443 1354 2485 omnis
1383 2442 1729 2484 mansuetudinis
1758 2442 1868 2494 ejus:

1136 2501 1257 2542 Sicut
1288 2499 1443 2551 juravit
1469 2499 1676 2549 Domino,
1705 2499 1728 2525 *
1761 2503 1913 2540 votum

1085 2557 1207 2598 vovit
1231 2557 1328 2598 Deo
1357 2555 1512 2598 Jacob:

1136 2613 1181 2654 Si
1200 2614 1410 2654 introiero
1428 2613 1472 2653 in
1490 2610 1820 2654 tabernaculum
1836 2574 1911 2651 do-

1085 2683 1182 2710 mus
1202 2670 1363 2718 meae‚*
1379 2669 1416 2710 si
1433 2667 1703 2710 ascendero
1692 2681 1736 2708 1n
1751 2666 1912 2708 lectum

1087 2725 1213 2767 strati
1228 2725 1333 2767 mei:
