2040 2976
737 179 938 213 Dominica
965 180 1013 213 ad
1039 180 1276 214 Matutinum.

199 270 387 312 D6mine
413 271 580 312 salvum
606 272 672 313 fac
697 285 858 322 regem:
883 273 906 298 *
932 278 975 314 et

149 326 306 367 exaudi
325 339 405 368 nos
425 327 468 367 in
488 327 572 378 die,
599 342 683 380 qua
708 329 973 370 invocaveri-

147 396 244 423 mus
263 388 317 424 te.

204 439 287 480 Per
321 441 504 481 Annum.
549 443 645 482 Ant.
685 441 899 483 ExaUdiat
930 447 974 483 te

147 495 362 537 D-Ominus
381 496 423 536 in
444 496 513 538 die
533 496 834 538 tribulationis.

206 553 303 593 Ant.
333 553 526 594 Domine.

424 611 620 651 Psalmus
640 613 710 651 20.

152 659 381 765 D6mine
404 664 447 704 in
471 664 629 706 virtute
655 670 730 706 tua
754 665 973 708 laetabitur

266 733 357 761 rex:
381 721 405 745 *
429 725 473 762 et
492 734 623 773 super
643 721 831 764 salutare
851 727 973 764 tuum

147 775 382 818 exsultabit
400 776 690 819 vehementer.

197 832 475 874 Desiderium
499 833 645 875 cordis
671 835 760 886 ejus
784 835 973 878 tribuisti

147 889 199 929 ei:
214 889 238 914 *
253 894 296 930 et
311 889 534 931 voluntate
550 890 765 932 labi6rum
781 893 871 944 ejus
885 906 973 934 non

146 945 357 987 fraudasti
377 959 486 988 eum,

198 1003 412 1052 Quoniam
435 1005 687 1056 praevenisti
712 1017 811 1045 eum
835 1005 877 1045 in
900 1004 972 1046 be-

145 1058 464 1101 nedictionibus
479 1059 734 1101 dulcedinis:
749 1062 772 1086 *
787 1062 973 1114 posuisti

145 1115 188 1155 in
217 1117 359 1168 capite
388 1117 478 1168 ejus
507 1119 715 1158 coronam
744 1117 798 1159 de
826 1118 971 1171 lapide

145 1173 352 1224 preti6so.

195 1229 343 1270 Vitam
362 1230 487 1282 petiit
506 1243 531 1270 a
550 1235 608 1271 te:
627 1230 650 1256 *
670 1235 714 1271 et
728 1230 918 1272 tribuisti
933 1232 972 1272 ei

142 1285 458 1336 longitudinem
483 1285 651 1327 dierum
678 1287 722 1327 in
750 1287 970 1337 saeculum,

144 1347 187 1383 et
204 1342 248 1382 in
268 1342 477 1383 saeculum
501 1343 660 1383 sa'eculi.

194 1398 353 1449 Magna
377 1404 444 1440 est
461 1398 600 1449 gloria
619 1400 709 1451 ejus
728 1400 772 1440 in
792 1400 970 1441 salutari

142 1459 234 1495 tuo:
248 1455 271 1480 *
285 1455 470 1506 gleriam
485 1460 528 1496 et
543 1468 748 1506 magnum
764 1456 970 1498 decorem

141 1510 342 1563 impones
362 1524 493 1564 super
513 1524 623 1552 eum.

193 1568 409 1617 Quoniam
442 1567 566 1609 dabis
597 1581 697 1609 eum
723 1569 767 1609 in
794 1569 967 1611 benedi-

141 1624 331 1665 ctionem
349 1625 393 1665 in
413 1623 622 1666 saeculum
639 1625 803 1666 sa'eculi:
821 1626 844 1651 *
862 1625 967 1667 laeti-

140 1679 293 1722 ficabis
304 1694 404 1722 eum
413 1681 457 1722 in
467 1680 628 1732 gaudio
640 1695 740 1723 cum
747 1682 869 1723 vultu
880 1688 968 1724 tuo.

193 1738 407 1787 Qu6niam
432 1751 510 1779 rex
533 1743 681 1791 sperat
699 1739 743 1779 in
762 1739 968 1780 D6min0:

139 1793 163 1818 *
189 1799 232 1835 et
254 1794 298 1834 in
320 1793 620 1836 misericordia
642 1794 857 1836 Altissimi
879 1808 968 1837 non

140 1850 498 1892 commovebitur.

190 1907 441 1948 Inveniatur
473 1920 626 1948 manus
658 1912 733 1949 tua
766 1908 966 1950 omnibus

138 1963 322 2005 inimicis
337 1964 437 2005 tuis:
452 1965 475 1989 *
491 1963 672 2005 dextera
686 1969 761 2005 tua
775 1965 966 2006 inveniat

140 2032 302 2070 omnes,
323 2021 397 2073 qui
415 2025 459 2062 te
479 2020 676 2062 oderunt.

189 2076 333 2118 Pones
362 2090 438 2118 eos
466 2081 514 2118 ut
541 2076 759 2119 clibanum
787 2078 898 2129 ignis
921 2079 965 2119 in

139 2134 337 2186 tempore
360 2133 506 2175 vultus
530 2134 606 2175 tui:
630 2134 653 2159 *
677 2135 892 2175 Dominus
922 2135 965 2175 in

138 2188 202 2229 ira
222 2202 300 2230 sua
319 2189 597 2231 conturbabit
617 2203 704 2240 eos,
725 2196 768 2232 et
784 2190 964 2232 devora-

138 2243 203 2286 bit
222 2258 298 2287 eos
317 2246 439 2297 ignis.

190 2301 399 2343 Fructum
418 2305 570 2344 eorum
590 2302 644 2344 de
659 2307 776 2344 terra
790 2303 964 2356 perdes:

138 2358 161 2382 *
177 2362 220 2398 et
240 2371 387 2400 semen
407 2361 558 2400 e6rum
574 2372 599 2400 a
613 2359 713 2400 filiis
727 2359 963 2401 hominum.

182 2414 963 2464 Quoniamdeclinaveruntintemala:

137 2470 160 2494 *
189 2471 491 2522 cogitaverunt
521 2471 715 2521 consilia,
749 2485 847 2524 quae
876 2486 964 2514 non

138 2529 374 2578 potuerunt
395 2527 598 2569 stabilire.

190 2583 403 2633 Quossiam
440 2596 578 2636 pones
614 2597 690 2625 eos
724 2583 916 2626 dorsum:
940 2586 963 2611 *

136 2638 180 2678 in
199 2639 391 2692 reliquiis
410 2641 496 2681 tuis
511 2639 782 2692 praeparabis
797 2641 963 2682 vultum

138 2707 300 2736 eorum.

290 2829 353 2853 Pars
370 2829 476 2853 AEstiva.

1079 274 1284 316 Exaltaire
1303 276 1490 318 Domine
1515 278 1558 318 in
1582 278 1741 318 virtiite
1765 283 1853 319 tua:

1026 330 1049 355 *
1066 330 1338 372 canteibimus
1358 338 1401 373 et
1420 334 1654 385 psallemus
1670 335 1853 375 virtiites

1026 392 1134 428 tuas.

1090 445 1169 485 I'er
1184 445 1370 485 Annum.
1394 446 1489 486 Ant.
1519 448 1698 489 Domine
1713 447 1756 487 in
1772 448 1852 487 vir-

1026 503 1120 561 ttite
1139 504 1213 541 tua
1233 501 1453 543 laete'lbitur
1473 515 1559 543 rex.

1086 554 1135 600 Y·
1160 557 1365 599 Exaltz'ire
1393 559 1582 600 Demine
1614 560 1657 599 in
1691 560 1852 601 virtute

1025 617 1110 653 tua.
1163 614 1211 664 Rz.
1234 614 1516 656 Cante'lbimus
1547 620 1590 656 et
1616 615 1852 667 psallemus

1026 670 1208 711 virt1'1tes
1227 676 1336 712 tuas.

1084 726 1207 768 Pater
1226 733 1386 769 noster.
1415 735 1596 769 secreto.

1087 777 1202 828 ,ViEt
1223 797 1277 825 ne
1297 798 1378 825 nos
1394 784 1576 826 inducas
1591 785 1635 825 in
1650 786 1850 827 tentatio-

1025 852 1135 880 nem.
1168 841 1217 892 Rg.
1233 841 1319 882 Sed
1339 841 1476 883 libera
1495 855 1576 882 nos
1596 855 1620 882 a
1640 842 1766 883 malo.

1325 903 1566 944 Absolutio.

1034 954 1321 1060 Avinculis
1359 965 1643 1015 peecatorum
1683 966 1851 1004 nostro-

1151 1032 1247 1059 rum
1263 1018 1464 1060 absolvat
1478 1032 1559 1060 nos
1575 1022 1852 1072 omnipotens

1023 1078 1067 1115 et
1091 1075 1341 1116 misericors
1365 1076 1592 1117 DOminus.
1631 1077 1679 1127 R.
1699 1076 1851 1117 Amen.

1086 1126 1133 1177 Χ.
1153 1132 1177 1172 J
1180 1131 1264 1173 ube
1286 1131 1445 1173 domne
1465 1132 1736 1174 benedicere.

1085 1188 1244 1228 Bened.
1273 1189 1531 1239 Evangelica
1549 1189 1681 1230 lectio
1702 1190 1758 1230 sit
1777 1202 1850 1230 no-

1022 1243 1089 1296 bis
1109 1244 1225 1285 salus
1245 1250 1288 1286 et
1307 1246 1535 1298 protectio.
1577 1247 1625 1299 Ru
1641 1246 1793 1287 Amen.

1231 1305 1314 1344 Pro
1337 1305 1419 1345 viii.
1442 1306 1659 1348 Lectione.

1085 1360 1242 1401 Bened.
1277 1361 1484 1402 Divinum
1521 1362 1727 1403 ¹auxilium
1763 1365 1849 1403 mei-

1022 1421 1124 1458 neat
1148 1430 1322 1469 semper
1347 1417 1586 1459 nobiscum.
1627 1421 1675 1471 Rv.
1695 1419 1848 1460 Amen.

1247 1478 1330 1518 Pro
1352 1479 1405 1519 ix.
1426 1480 1644 1521 Lectione.

1083 1533 1242 1574 Bened.
1290 1533 1357 1575 Ad
1394 1532 1650 1577 societatem
1690 1536 1849 1576 civium

1022 1592 1311 1642 supernorum
1326 1590 1540 1643 perducat
1556 1605 1636 1632 nos
1652 1593 1749 1633 Rex
1761 1592 1848 1632 An-

1020 1646 1228 1697 gelorum.
1268 1650 1314 1700 Rg.
1327 1648 1479 1689 Amen.

1081 1705 1166 1748 Seq.
1200 1705 1377 1749 Hymnus
1415 1716 1566 1748 semper
1599 1706 1739 1740 dicitur
1768 1711 1857 1748 post

1028 1753 1092 1787 ult.
1110 1753 1212 1787 Lect.
1236 1754 1273 1787 in
1298 1754 1475 1788 omnibus
1497 1753 1712 1788 Dominicis
1736 1758 1771 1787 et
1789 1753 1856 1787 Fe-

1030 1801 1099 1834 stis
1117 1806 1279 1835 tantum:
1306 1801 1342 1834 in
1368 1802 1491 1835 feriali
1510 1802 1645 1835 Officio
1667 1812 1742 1835 non
1764 1801 1855 1835 dici-

1027 1853 1098 1891 tur,
1121 1849 1190 1883 sed
1215 1850 1296 1891 eius
1314 1850 1400 1883 loco
1418 1850 1575 1892 ponitur
1597 1849 1647 1883 iii.
1667 1849 1853 1892 Respons.

1028 1901 1228 1952 Hymnus
1244 1902 1306 1941 Ss.
1319 1901 1540 1942 Ambrosii
1558 1907 1599 1943 et
1612 1901 1854 1951 Augustini.

1019 1958 1120 2064 Te
1147 1965 1291 2006 Deum
1314 1964 1558 2006 laudamus:
1581 1965 1604 1991 *
1628 1970 1671 2006 te
1696 1966 1843 2006 Domi-

1123 2034 1227 2062 num
1247 2021 1517 2062 confitemur.

1069 2077 1134 2119 Te
1173 2079 1385 2119 aeternum
1422 2078 1599 2119 Patrem
1637 2078 1660 2103 *
1702 2079 1843 2119 omnis

1017 2137 1134 2174 terra
1153 2137 1396 2176 veneratur.

1068 2190 1167 2232 Tibi
1200 2204 1351 2232 omnes
1376 2190 1548 2242 Angeli‚
1573 2190 1701 2232 *›tibi
1731 2191 1841 2240 coeli,

1017 2251 1061 2287 et
1080 2248 1294 2289 universae
1314 2249 1572 2300 potestates:

1068 2303 1167 2345 Tibi
1184 2303 1418 2345 Cherubim
1434 2308 1476 2344 et
1491 2302 1728 2356 Seraphim,
1743 2304 1766 2328 *
1782 2303 1840 2343 in-

1017 2359 1218 2402 cessabili
1238 2373 1347 2402 voce
1366 2359 1654 2412 proclamant:

1067 2417 1268 2466 Sanctus,
1293 2417 1316 2442 *
1341 2417 1541 2465 Sanctus,
1566 2416 1589 2440 *
1613 2416 1798 2457 Sanctus
1817 2415 1840 2440 *

1015 2473 1230 2514 Deminus
1248 2474 1370 2514 Deus
1388 2471 1592 2514 Sabaoth.

1066 2529 1189 2570 Pleni
1212 2534 1311 2570 sunt
1334 2528 1435 2570 coeli
1460 2533 1503 2570 et
1526 2533 1643 2569 terra
1666 2528 1689 2553 *
1713 2528 1837 2578 maje-

1015 2585 1140 2626 statis
1158 2585 1309 2636 gloriae
1329 2591 1427 2627 tuae.

1067 2642 1131 2682 Te
1181 2641 1399 2692 gloriosus
1448 2641 1471 2666 *
1522 2639 1839 2693 Apostolorum

1016 2697 1187 2747 chorus,

1589 2829 1632 2861 2*
