2040 2976
199 213 292 259 [334]

172 360 183 365 f
200 310 341 351 omnis
360 311 637 364 principatus
657 317 700 355 et
718 314 969 366 potestatis:
986 315 1031 356 in

201 379 287 418 quo
323 372 366 408 et
399 367 644 410 circumcisi
673 370 779 412 estis
807 370 1029 413 circumci-

199 423 322 465 sione
348 436 437 466 non
462 437 594 467 manu
613 426 731 468 facta
749 426 794 467 in
813 427 1029 480 exspolia-

198 480 317 522 tione
346 482 548 534 corporis
577 483 739 534 carnis,
772 483 890 526 sed
879 498 923 525 111
952 485 1029 526 cir-

199 538 466 580 cumcisione
495 539 674 582 Christi.
713 541 963 594 consepulti
990 541 1030 583 ei

197 594 240 634 in
266 593 503 647 baptismo,
531 596 575 637 in
604 609 691 648 quo
721 603 765 639 et
792 601 1029 639 resurrexi-

199 650 277 692 stis
297 664 376 703 per
395 651 529 693 fidem
549 654 818 706 operationis
840 654 935 704 Dei,
956 655 1030 706 qui

198 709 429 750 suscitavit
451 709 574 751 illum
598 723 623 751 a
643 712 840 752 mortuis.
872 712 929 753 Et
948 724 1029 753 vos

199 778 297 806 cum
322 766 484 807 mortui
509 767 665 808 essetis
693 767 737 808 in
763 767 952 818 delictis,
986 774 1030 810 et

197 823 420 875 praeputio
440 823 583 865 carnis
603 830 778 875 vestrae,
805 825 1029 866 convivifi-

198 878 314 921 cavit
333 892 433 921 cum
450 880 537 930 illo,
557 880 728 923 donans
744 881 869 923 vobis
885 882 1030 923 omnia

197 937 373 979 delicta:
400 937 553 979 delens
576 938 698 990 quod
716 938 930 981 adversus
948 952 1029 981 nos

198 999 292 1036 erat
320 994 662 1048 chirographum
693 995 874 1047 decreti,
909 996 1029 1049 quod

198 1056 291 1093 erat
324 1052 592 1093 contrarium
624 1052 768 1102 nobiS‚
808 1059 851 1095 et
883 1054 1028 1106 ipsum

196 1107 296 1150 tulit
318 1107 373 1149 de
394 1107 552 1158 medio,
572 1109 754 1160 affigens
771 1110 881 1152 illud
896 1111 1028 1152 cruci:

197 1170 241 1207 et
267 1165 520 1218 exspolians
544 1167 817 1220 principatus
842 1173 886 1210 et
905 1173 1028 1220 pote-

197 1225 334 1264 states
354 1222 551 1265 traduxit
570 1223 861 1275 confidenter,
881 1225 1029 1278 palam

195 1278 469 1332 triumphans
490 1280 589 1321 illos
610 1281 652 1321 in
672 1284 924 1335 semetipso.

252 1347 302 1399 R.
338 1346 438 1387 Hoc
477 1347 650 1398 signum
683 1347 837 1389 Crucis
871 1349 954 1391 erit
984 1349 1029 1390 in

196 1402 329 1453 coelo,
365 1416 463 1445 cum
497 1404 715 1446 Dominus
747 1405 805 1446 ad
837 1404 1027 1458 judican-

197 1459 300 1501 dum
345 1460 527 1502 venerit:
565 1460 587 1483 *
627 1460 753 1503 Tunc
798 1462 1029 1504 manifesta

196 1522 323 1558 erunt
373 1516 633 1559 abscondita
683 1518 830 1560 cordis
875 1520 1030 1562 nostri.

198 1567 248 1619 Ψ.
280 1573 389 1615 Cum
415 1573 579 1616 sederit
603 1575 739 1616 Fflius
770 1575 959 1617 hominis
984 1577 1028 1617 in

197 1629 302 1671 sede
334 1631 576 1682 majestatis
609 1644 718 1682 suae,
760 1638 803 1674 et
841 1634 1028 1686 co'eperit

196 1686 388 1738 judicare
401 1688 611 1729 saeculum
621 1701 702 1741 per
715 1689 872 1740 ignem.
891 1690 1028 1731 Tunc.

198 1743 350 1786 Gloria
370 1745 501 1787 Patri.
529 1745 665 1786 Tunc.

427 1835 476 1874 In
499 1835 550 1874 Π.
575 1835 800 1874 Nocturno.

249 1910 348 1950 Ant.
376 1910 583 1953 Salvator
601 1911 767 1963 mundi,
790 1913 912 1955 salva
931 1927 1028 1956 nos:

198 1969 271 2020 qui
297 1981 377 2021 per
403 1968 589 2010 Crucem
615 1974 659 2011 et
683 1970 941 2020 sanguinem
962 1976 1026 2013 tu-

196 2038 269 2065 um
288 2024 515 2067 redemisti
534 2039 630 2076 nos,
654 2026 867 2069 auxiliare
887 2027 1027 2079 nobis,

196 2087 240 2123 te
259 2080 560 2134 deprecamur,
579 2083 702 2125 Deus
721 2089 885 2126 noster.

249 2148 315 2187 l's.
332 2149 397 2187 45.
423 2149 541 2189 Deus
556 2154 708 2191 noster
720 2149 946 2200 refugium.
960 2150 1028 2191 56.

251 2212 349 2252 Ant.
385 2212 502 2254 Crux
526 2213 761 2257 benedicta
785 2216 911 2266 nitet,
940 2217 1028 2258 Do-

196 2269 340 2311 minus
369 2283 455 2322 qua
482 2283 611 2313 carne
637 2272 867 2325 pependit,
895 2278 1028 2326 atque

198 2329 354 2368 cruore
373 2339 453 2368 suo
473 2327 654 2370 vulnera
675 2334 828 2371 nostra
847 2330 977 2372 lavat.

251 2393 316 2433 Ps.
336 2394 404 2433 46.
434 2393 599 2434 Omnes
617 2399 782 2443 gentes.
801 2395 869 2436 56.

253 2459 351 2498 Ant.
372 2459 464 2499 Nos
484 2463 633 2500 autem
651 2459 831 2509 gloriari
851 2463 1030 2514 oportet

196 2514 241 2555 in
252 2514 392 2557 Cruce
402 2515 581 2557 Domini
590 2517 731 2558 nostri
741 2517 765 2557 J
768 2530 846 2559 esu
858 2518 1029 2561 Christi.

249 2582 314 2621 l's.
335 2582 397 2621 47.
428 2582 612 2632 Magnus
631 2582 858 2624 Dominus.
877 2583 944 2624 56.

252 2641 299 2692 δ”.
328 2646 581 2688 Adoramus
604 2651 650 2688 te
671 2647 861 2698 Christe,
891 2654 933 2690 et
956 2649 1029 2691 be-

197 2702 439 2744 nedicimus
466 2703 556 2746 tibi.
596 2706 645 2757 Ra
680 2704 791 2754 Quia
819 2718 898 2757 per
925 2705 1027 2748 Cru-

198 2771 295 2801 cem
311 2765 433 2803 tuam
450 2760 677 2804 redemisti
696 2761 918 2804 mundum.

680 214 752 248 Die
780 215 827 249 16.
851 214 955 249 Julii.
1002 215 1205 258 Triumphi
1231 215 1265 249 S.
1291 214 1437 249 Crucis.

1391 312 1542 353 Lectio
1563 312 1615 352 iv.

1200 378 1258 411 Ex
1275 377 1469 412 Roderico
1486 378 1668 422 Archicp.
1685 378 1809 415 Tolet.

1094 450 1158 495 ’ς
1172 452 1217 499 3
1234 441 1402 482 lfonsus
1424 441 1628 483 Castellae
1648 455 1736 493 rex,
1755 453 1914 506 cogno-

1104 494 1222 523 *
1250 500 1400 540 mento
1429 499 1598 549 Bonus,
1633 499 1814 552 cupiens
1842 501 1915 542 da-

1123 554 1126 557 ’
1250 568 1351 596 mna
1397 554 1648 597 christianis
1690 569 1716 597 a
1751 556 1915 599 Mauris

1085 613 1298 654 Baeticam
1334 614 1565 665 totamque
1598 611 1718 654 illam
1749 616 1915 656 austra-

1084 669 1171 711 lem
1195 669 1423 721 Hispaniae
1447 668 1625 722 plagam
1652 669 1915 722 possidenti-

1083 726 1166 768 bus
1186 726 1308 768 illata
1327 727 1539 768 resarcire
1559 726 1711 778 (semel
1730 727 1844 769 enim
1860 727 1915 769 ab

1084 783 1148 824 eis
1163 783 1306 824 fuerat
1321 784 1580 836 superatus),
1595 790 1801 835 magnum
1815 797 1914 826 con-

1084 839 1207 882 flavit
1244 840 1501 881 exercitum:
1544 853 1671 892 reges
1706 841 1915 883 finitimos

1084 909 1135 938 ac
1160 895 1371 949 dynastas
1396 896 1666 947 sollicitavit,
1695 897 1915 940 condona-

1083 954 1227 1001 tiones
1264 966 1289 994 a
1324 953 1504 995 Summo
1541 953 1756 996 Pontifice
1787 955 1914 996 Inno-

1084 1011 1230 1053 centio
1252 1011 1384 1053 tertio
1408 1011 1677 1064 impetravit,
1705 1017 1770 1062 ut,
1798 1013 1841 1054 in
1861 1025 1914 1055 eo

1082 1068 1157 1121 pio
1177 1067 1295 1110 bello
1317 1068 1391 1120 qui
1411 1068 1632 1118 caderent,
1654 1069 1783 1110 nullis
1799 1070 1914 1123 capi-

1082 1124 1244 1167 talibus
1274 1125 1520 1167 commissis
1548 1125 1913 1179 praepedirentur,

1084 1182 1318 1234 quominus
1347 1181 1405 1223 ad
1433 1181 1571 1223 coelos
1599 1182 1747 1224 statim
1771 1183 1914 1225 evola-

1082 1243 1189 1281 rent.
1230 1239 1375 1289 Quare
1403 1243 1552 1280 tantus
1581 1238 1713 1281 ardor
1737 1238 1914 1282 tuendae

1083 1295 1333 1338 christianae
1354 1294 1530 1337 ditionis
1555 1309 1607 1337 ac
1624 1296 1804 1349 pietatis
1823 1297 1914 1352 ple-

1082 1355 1245 1405 rosque
1274 1353 1452 1403 invasit,
1480 1358 1528 1394 ut
1556 1353 1768 1405 flagitium
1796 1353 1914 1405 flagi·

1081 1410 1371 1452 tiosissimum
1405 1408 1618 1452 ducerent
1650 1423 1676 1452 a
1707 1415 1798 1452 tam
1827 1411 1914 1464 piis

1083 1467 1239 1509 castris
1268 1466 1437 1509 abesse.
1473 1467 1680 1519 Ingentes
1708 1467 1915 1509 Toletum

1083 1524 1225 1577 copiae
1270 1525 1355 1576 jam
1400 1524 1457 1566 ad
1495 1537 1645 1576 regem
1680 1524 1915 1567 Alfonsum

1082 1581 1401 1623 confluxerant:
1437 1581 1522 1633 jam
1557 1581 1714 1623 Petrus
1747 1582 1913 1634 Arago-

1081 1638 1165 1679 niae
1191 1651 1270 1679 rex
1296 1637 1414 1680 haud
1440 1637 1808 1680 contemnendam
1826 1651 1913 1680 ma-

1081 1708 1185 1735 num
1213 1697 1508 1737 contraxerat:
1539 1695 1626 1747 jam
1651 1707 1801 1746 regem
1827 1695 1914 1737 Na-

1081 1753 1223 1793 varrae
1261 1751 1487 1794 Sanctium
1523 1750 1762 1793 adventare
1798 1752 1914 1794 fama

1081 1808 1353 1860 vulgaverat:
1373 1809 1458 1860 jam
1476 1811 1701 1860 proceres,
1719 1809 1805 1860 jam
1825 1811 1913 1862 epi*

1081 1866 1207 1918 scopi
1247 1865 1343 1917 (sed
1376 1865 1621 1907 Toletanus
1653 1870 1754 1908 ante
1787 1865 1913 1917 alios)

1081 1922 1347 1974 fulgentibus
1367 1922 1519 1976 stipati
1537 1923 1726 1974 catervis
1745 1923 1914 1975 regium

1080 1980 1195 2022 latus
1222 1980 1469 2032 cingebant:
1498 1993 1598 2022 cum
1625 1993 1796 2030 omnes,
1825 1993 1914 2022 non

1081 2037 1174 2079 sine
1190 2037 1368 2078 numine
1386 2036 1548 2078 Christi
1566 2035 1766 2090 profecti,
1787 2036 1913 2080 ditio·

1082 2107 1181 2136 nem
1201 2094 1456 2135 Maurorum
1475 2093 1701 2136 invadunt.

1137 2160 1187 2212 Rg.
1211 2159 1352 2201 Dulce
1376 2159 1556 2211 lignum,
1581 2158 1733 2201 dulces
1753 2157 1914 2207 clavos,

1082 2216 1210 2259 dulce
1229 2215 1405 2270 pondus
1421 2215 1641 2257 sustinuit:
1655 2218 1678 2243 *
1695 2215 1804 2266 Quae
1819 2214 1914 2256 sola

1082 2273 1214 2325 digna
1246 2273 1327 2315 fuit
1358 2274 1539 2326 portare
1566 2272 1758 2327 pretium
1787 2271 1913 2325 hujus

1083 2330 1244 2372 saeculi.
1274 2326 1323 2378 Ψ.
1349 2329 1450 2371 Hoc
1469 2329 1640 2381 signum
1661 2328 1813 2371 Crucis
1833 2329 1915 2371 erit

1081 2387 1125 2428 in
1145 2386 1271 2437 coelo,
1294 2399 1392 2428 cum
1412 2385 1630 2427 Dominus
1649 2385 1706 2427 ad
1724 2385 1913 2438 judican-

1082 2445 1186 2486 dum
1205 2419 1386 2486 veherit.
1414 2444 1523 2494 Quae
1543 2443 1649 2485 sola.

1392 2523 1543 2564 Lectio
1566 2538 1603 2564 v.

1081 2586 1356 2693 Nonnulla
1381 2598 1482 2635 sunt
1507 2593 1551 2633 in
1577 2592 1648 2633 via
1674 2591 1819 2634 obiter
1842 2603 1912 2632 ex-

1185 2653 1381 2703 pugnata
1401 2648 1567 2703 oppida
1581 2648 1801 2700 ignobilia.
1825 2646 1912 2689 Sed

1083 2708 1238 2760 quinto
1280 2706 1470 2759 denique
1511 2706 1582 2748 die
1618 2705 1912 2754 Calatravam,

1083 2777 1182 2817 quae
1231 2764 1358 2805 firmo
1403 2763 1658 2805 Maurorum
1702 2759 1911 2815 praesidio
