2040 2976
831 205 993 238 Litania:
1018 206 1255 238 ¹&motmunt

245 307 303 344 Et
319 308 431 344 sicut
446 303 720 355 opertorium
733 301 925 343 mutabis
937 314 1024 350 eos,

193 366 236 401 et
266 359 566 400 mutabuntur:
594 359 618 383 *
646 364 694 400 tu
728 363 875 399 autem
907 357 1023 398 idem

192 416 288 467 ipse
308 428 366 464 eS‚
387 420 430 456 et
449 415 549 455 anni
567 415 631 456 tui
650 427 739 455 non
758 413 975 455 deficient.

244 471 341 511 Filii
377 473 606 512 servorum
645 473 822 512 tuorum
857 469 1023 511 habita-

191 527 314 568 bunt:
338 529 361 553 *
387 532 431 568 et
460 539 609 568 semen
638 529 790 568 eorum
818 526 861 566 in
890 528 1023 566 seecu-

191 583 280 623 lum
301 583 524 633 dirigetur.

246 639 397 680 Gloria
418 639 548 680 Patri.

454 695 650 734 psalmus
676 696 758 733 129.

280 763 303 792 e
326 750 558 803 profundis
582 751 768 792 clamavi
792 751 848 792 ad
871 756 915 792 te
934 752 1021 791 Do-

293 808 425 848 mine:
462 808 485 833 *
523 808 713 848 Domine
751 807 911 849 exaudi
947 820 1021 848 vo-

192 876 287 904 cem
306 876 459 904 meam.

243 919 371 960 Fiant
403 933 530 961 aures
562 925 650 960 tuae
678 919 970 969 intendentes,
999 921 1021 944 ¹⁸¹

190 976 234 1015 in
253 988 409 1016 vocem
430 975 752 1028 deprecatiunis
771 989 892 1016 meae.

242 1032 287 1072 Si
315 1032 568 1083 iniquitates
601 1032 906 1073 observaveris
934 1033 1022 1073 Do-

189 1088 320 1129 mine:
339 1090 362 1115 *
381 1088 570 1129 Domine
591 1088 688 1140 quis
701 1088 961 1130 sustinebit?

243 1145 354 1193 Quia
382 1144 500 1196 apud
528 1149 571 1185 te
600 1145 858 1197 propitiatio
888 1150 970 1186 est:
998 1146 1022 1172 *

190 1205 233 1241 et
260 1206 443 1252 propter
471 1201 614 1251 legem
633 1207 752 1242 tuam
773 1201 959 1242 sustinui
978 1207 1022 1242 te

188 1256 387 1297 Domine.

240 1312 451 1354 Sustinuit
489 1313 630 1353 anima
667 1326 766 1353 mea
802 1313 846 1353 in
883 1313 1020 1354 verbo

189 1369 294 1419 ejus:
314 1370 338 1395 *
358 1370 554 1420 speravit
579 1370 722 1410 anima
746 1382 845 1410 mea
867 1370 911 1409 in
933 1370 1020 1410 Do-

187 1437 317 1465 man.

240 1480 280 1519 A
314 1480 514 1522 custodia
546 1484 759 1522 matutina
792 1495 932 1533 usque
964 1482 1020 1524 ad

189 1541 379 1577 noctem:
394 1539 417 1563 *
433 1543 581 1589 speret
599 1538 736 1578 Israel
757 1538 800 1578 in
817 1539 1019 1579 Demino.

241 1593 351 1642 Quia
375 1593 494 1645 apud
513 1594 750 1635 Deminum
773 1595 1014 1636 misericor-

189 1647 276 1689 dia:
304 1650 327 1674 *
357 1654 400 1689 et
433 1651 616 1702 copiosa
651 1650 769 1702 apud
798 1663 897 1691 eum
924 1651 1018 1692 red-

189 1705 364 1756 emptio.

240 1760 298 1801 Et
343 1761 439 1813 ipse
482 1761 669 1803 redimet
711 1763 866 1812 Israel,
904 1765 928 1790 ¹⁶¹
965 1776 1018 1804 ex

189 1816 391 1857 emnibus
412 1817 717 1869 iniquitatibus
739 1820 841 1870 ejus.

241 1873 392 1913 Gloria
412 1874 542 1915 Patri.

452 1930 649 1970 Psalmus
670 1932 755 1970 142.

186 1983 420 2087 Domine
434 1986 594 2027 exaudi
606 1987 850 2028 orationem
860 2001 1017 2029 meam:

293 2042 472 2083 auribus
520 2043 700 2095 percipe
749 2043 1016 2085 obsecratio-

185 2109 286 2137 nem
317 2111 461 2139 meam
492 2099 536 2140 in
564 2101 749 2141 veritate
778 2105 868 2141 tua:
893 2102 917 2126 *
946 2113 1016 2142 ex-

186 2153 289 2194 audi
307 2167 378 2195 me
397 2155 440 2195 in
458 2160 534 2196 tua
553 2156 725 2206 justitia.

238 2209 295 2251 Et
326 2223 414 2250 non
445 2211 581 2252 intres
610 2212 654 2252 in
683 2212 888 2263 judicium
917 2225 1016 2254 cum

185 2278 314 2306 servo
333 2270 426 2307 tuo:
441 2267 464 2292 *
483 2268 584 2318 quia
603 2281 690 2309 non
711 2269 1016 2319 justificabitur

183 2322 226 2361 in
247 2323 490 2374 conspectu
509 2328 586 2364 tuo
607 2325 749 2365 omnis
768 2325 932 2366 vivens.

236 2378 348 2427 Quia
393 2382 652 2430 persecutus
701 2386 768 2422 est
812 2381 1014 2422 inimicus

185 2433 374 2474 animam
419 2447 577 2475 meam:
613 2436 636 2460 *
679 2435 922 2478 humiliavit
969 2438 1013 2477 in

182 2494 300 2530 terra
317 2490 453 2530 vitam
471 2502 624 2531 meam.

238 2546 482 2588 Collocavit
509 2559 579 2587 me
606 2548 649 2587 in
677 2547 876 2589 obscuris
900 2549 1013 2590 sicut
1069 2551 1077 2581 t
1142 2596 1145 2605 N

181 2605 380 2644 mertuos
409 2603 573 2644 saeeuli:
596 2605 620 2630 *
645 2608 689 2644 et
718 2605 919 2645 anxiatus
947 2611 1012 2646 est
1069 2604 1077 2635 ῑ’
1122 2607 1147 2636 ”””“-9
1172 2626 1185 2636 -=

182 2672 315 2712 super
333 2672 404 2701 me
424 2659 605 2712 spiritus
626 2672 760 2709 meus,
779 2661 822 2700 in
840 2673 910 2702 me
925 2666 1011 2702 tur—

180 2715 334 2757 batum
354 2721 421 2758 est
441 2729 517 2757 cor
536 2729 693 2758 meum.

1127 298 1298 339 Memor
1323 298 1386 339 fui
1413 298 1583 339 dierum
1610 298 1907 349 antiquorum,

1076 354 1313 396 meditatus
1340 367 1437 394 sum
1467 355 1511 394 in
1538 354 1741 395 omnibus
1767 355 1907 407 operi—

1076 411 1157 452 bus
1186 411 1288 452 tuis:
1307 412 1331 438 *
1357 410 1402 450 in
1430 410 1556 452 factis
1583 412 1790 452 manuum
1815 413 1907 452 tua-

1076 481 1172 508 rum
1190 466 1449 507 meditabar.

1128 522 1333 575 Expandi
1365 535 1520 563 manus
1552 535 1674 564 meas
1707 522 1765 564 ad
1796 527 1855 563 te:
1884 524 1908 550 *

1077 580 1221 620 anima
1248 591 1346 620 mea
1382 579 1496 620 sicut
1524 583 1643 620 terra
1671 579 1768 620 sine
1793 591 1909 630 aqua

1075 635 1166 676 tibi.

1127 691 1354 732 Velociter
1378 690 1538 732 exaudi
1561 703 1632 732 me
1656 691 1861 732 Demine:
1884 692 1908 716 *

1077 746 1237 788 defecit
1256 747 1435 798 spiritus
1454 759 1590 787 meus.

1126 803 1228 844 Non
1254 804 1427 843 avertas
1452 803 1609 843 faciem
1630 806 1752 843 tuam
1776 815 1802 843 a
1823 815 1908 844 me:

1076 860 1099 885 *
1120 864 1163 900 et
1187 858 1340 899 similis
1366 871 1442 900 ero
1470 857 1839 900 descendentibus
1863 859 1906 899 in

1075 915 1230 956 lacum.

1128 970 1338 1012 Auditam
1363 970 1431 1011 fac
1456 970 1562 1011 mihi
1589 983 1716 1012 mane
1741 970 1907 1016 miseri,-

1077 1027 1275 1068 cerdiam
1291 1031 1426 1068 tuam:
1441 1027 1464 1052 *
1481 1027 1583 1078 quia
1602 1027 1646 1067 in
1663 1031 1706 1068 te
1721 1027 1907 1079 speravi.

1126 1083 1289 1124 Notam
1309 1083 1377 1124 fac
1395 1082 1501 1123 mihi
1515 1083 1640 1132 viam,
1660 1083 1703 1123 in
1719 1095 1806 1134 qua
1821 1085 1907 1124 am—

1074 1140 1239 1181 bulem:
1253 1141 1277 1166 *
1295 1139 1396 1191 quia
1417 1138 1474 1180 ad
1492 1144 1536 1181 te
1556 1139 1699 1180 levavi
1719 1139 1907 1180 animam

1074 1208 1229 1237 meam.

1126 1252 1261 1304 Eripe
1288 1264 1359 1293 me
1389 1250 1444 1293 de
1471 1251 1657 1292 inimicis
1682 1251 1792 1292 meis
1816 1251 1905 1292 Do-

1074 1308 1207 1358 mine,
1233 1308 1291 1349 ad
1308 1312 1353 1349 te
1373 1308 1564 1358 confugi:
1583 1308 1606 1333 *
1626 1307 1738 1349 doce
1757 1320 1828 1349 me
1847 1307 1905 1348 fa—

1074 1377 1174 1405 cere
1198 1364 1471 1405 voluntatem
1495 1368 1630 1413 tuam,
1660 1363 1762 1415 quia
1785 1363 1906 1405 Deus

1074 1434 1198 1462 meus
1218 1433 1265 1461 es
1284 1425 1343 1461 tu.

1125 1477 1314 1528 Spiritus
1337 1481 1438 1517 tuus
1461 1476 1604 1517 bonus
1625 1474 1816 1517 deducet
1834 1487 1905 1516 me

1074 1533 1118 1573 in
1152 1539 1315 1574 terram
1349 1538 1533 1574 rectam:
1560 1533 1583 1558 *
1612 1537 1798 1584 propter
1830 1544 1906 1572 no-

1074 1602 1175 1630 men
1198 1594 1322 1630 tuum
1341 1589 1531 1630 Domine
1554 1587 1798 1630 vivificabis
1823 1601 1905 1637 me,

1074 1646 1118 1685 in
1137 1646 1347 1696 aequitate
1366 1650 1452 1686 tua.

1125 1701 1301 1742 Educes
1327 1701 1382 1742 de
1408 1700 1690 1742 tribulatione
1715 1701 1905 1741 animam

1072 1770 1232 1799 meam:
1268 1758 1292 1783 *
1330 1762 1374 1798 et
1411 1758 1454 1797 in
1491 1756 1794 1798 misericordia
1828 1762 1905 1798 tua

1073 1813 1304 1866 disperdes
1324 1813 1524 1854 inimicos
1543 1826 1678 1854 meos.

1124 1871 1182 1911 Et
1206 1869 1368 1922 perdes
1396 1882 1566 1918 omnes,
1596 1870 1671 1922 qui
1694 1869 1905 1911 tribulant

1073 1926 1263 1967 animam
1277 1938 1434 1967 meam:
1449 1926 1472 1951 *
1490 1926 1698 1978 quoniam
1717 1937 1800 1976 ego
1817 1938 1903 1967 ser-

1072 1996 1152 2023 vus
1171 1987 1272 2023 tuus
1293 1995 1401 2022 sum.

1124 2047 1278 2088 Gloria
1295 2047 1427 2088 Patri.

1122 2111 1220 2150 Ant.
1267 2110 1335 2152 Ne
1376 2111 1673 2153 reminiscaris
1714 2111 1903 2152 Domine

1071 2168 1231 2210 delicta
1263 2173 1433 2217 nostra,
1466 2167 1535 2209 vel
1568 2169 1799 2220 parentum
1827 2181 1903 2209 no-

1070 2227 1277 2266 strorum:
1312 2237 1456 2276 neque
1483 2223 1722 2265 vindictam
1755 2236 1901 2265 sumas

1070 2281 1126 2322 de
1145 2280 1342 2334 peccatis
1361 2281 1537 2322 nostris.

1291 2421 1672 2462 Litaniae.

1069 2503 1070 2517 ³
1107 2496 1286 2547 yrie
1306 2495 1482 2536 eleison.

1106 2551 1134 2604 ᾖ
1158 2549 1185 2599 25¹⁴*
1213 2551 1384 2592 Christe
1404 2551 1578 2592 eleison.

1211 2608 1349 2660 Kyrie
1369 2607 1546 2648 eleison.

1067 2664 1240 2705 Christe
1260 2663 1364 2705 audi
1382 2677 1476 2705 nos.

1066 2719 1238 2761 Christe
1260 2720 1420 2761 exaudi
1441 2733 1534 2761 nos.
