2040 2976
623 185 695 219 Die
724 184 774 219 18.
799 174 900 226 Maii.
948 183 983 217 S.
1008 183 1191 218 Venantii
1215 184 1406 228 Martyris.

1791 187 1859 223 297

414 283 498 325 Die
516 283 575 324 18.
594 282 706 334 Maji.
782 336 784 338 v

292 347 335 388 S.
353 347 597 389 venantii
614 345 830 396 Martyris.

474 407 638 450 Duplex.

197 462 335 497 Omnia
379 463 426 497 de
466 462 669 497 Communi
710 461 825 496 unius
863 461 972 495 Mart.

144 510 213 554 [21]
256 514 399 552 praeter
423 520 528 554 sequ.

194 562 236 597 Si
274 563 348 597 hoc
388 562 529 597 festum
567 563 644 597 alia
683 562 745 597 die
785 561 973 596 celebrari

144 611 364 653 contigerit,
398 615 434 645 et
466 611 506 644 in
534 611 560 644 I.
590 610 707 653 Vesp.
735 620 813 644 non
843 609 893 643 sit
920 609 973 642 fa-

144 658 322 692 ciendum
366 669 388 692 a
428 658 626 702 Capitulo,
672 662 762 692 tunc
805 667 972 700 sequens

142 705 319 750 Hymnus
344 706 490 750 Martyr
504 704 589 749 Dei,
614 706 802 740 dicendus
827 705 899 740 erit
924 705 973 739 ad

143 753 373 788 Matutinum
383 754 617 797 conjunctim
630 764 716 788 cum
728 754 805 788 alio
816 753 972 798 Hymno

143 800 297 841 Athleta
325 799 473 836 Christi
509 802 581 836 sub
610 812 686 836 una
722 801 972 836 conclusione

142 848 203 883 Sit
235 848 323 883 laus
355 848 464 884 Patri
522 850 634 884 Alias
674 849 826 883 dicatur
857 854 973 892 prout

142 896 242 932 infra
265 897 437 941 positum
461 902 528 932 est.

362 974 424 1014 In
442 974 479 1015 Ι.
500 966 751 1025 vesperis.

450 1037 662 1088 Hymnus.

300 1104 421 1153 artyr
438 1100 524 1142 Dei
541 1100 798 1150 Venantius‚

316 1156 414 1197 Lux
433 1161 477 1198 et
496 1155 631 1198 decus
652 1156 928 1207 Camertium,

245 1211 436 1255 Tortore
455 1213 574 1256 victo
595 1218 639 1255 et
654 1213 809 1265 judice,

245 1268 396 1311 Laetus
414 1269 685 1322 triumphum
704 1269 905 1312 concinit.

196 1338 335 1380 Annis
354 1352 474 1391 puer,
492 1344 597 1392 post
617 1339 800 1390 vincula,

245 1395 355 1436 Post
375 1397 586 1446 carceres
605 1401 710 1449 post
728 1396 925 1446 verbera,

245 1451 399 1503 Longa
417 1452 531 1494 fame
549 1452 837 1495 frementibus

248 1507 382 1549 Cibus
402 1507 532 1550 datur
548 1508 760 1551 leenibus.

194 1575 281 1618 Sed
301 1576 392 1627 ejus
410 1576 674 1619 innocentiae

244 1632 392 1675 Parcit
409 1632 586 1675 leenum
603 1633 864 1684 immanitas,

244 1688 477 1741 Pedesque
495 1689 696 1731 lambunt
714 1690 932 1742 Martyris,

244 1745 329 1786 Irae
347 1744 562 1798 famisque
581 1746 871 1788 immemores.

192 1810 335 1855 Verso
355 1813 564 1855 deorsum
582 1814 747 1856 vertice

243 1869 433 1911 Haurire
451 1870 618 1911 fumum
636 1871 820 1923 cegitur:

244 1925 402 1968 Costas
420 1928 642 1979 utrimque
661 1931 705 1968 et
723 1929 894 1968 viscera

244 1982 464 2023 Succensa
480 1981 652 2035 lampas
671 1982 848 2025 ustulat.

192 2047 258 2092 Sit
274 2050 370 2092 laus
388 2051 520 2102 Patri,
539 2052 596 2093 sit
613 2051 737 2103 Filio,

245 2105 434 2159 Tibique
448 2112 605 2149 vsancte
622 2108 826 2160 Spiritus:

243 2162 314 2203 Da
331 2175 413 2215 per
429 2176 585 2216 preces
603 2164 813 2206 Venantii

244 2218 385 2260 Beata
402 2218 532 2261 nobis
549 2219 720 2271 gaudia.
749 2221 902 2262 Amen.

194 2284 245 2337 ΥΤ.
280 2291 435 2333 Gloria
470 2297 514 2334 et
544 2292 713 2335 honere
749 2294 973 2335 coronasti

141 2361 242 2390 eum
285 2348 485 2390 Domine.
526 2347 578 2399 Rz.
603 2349 661 2390 Et
705 2350 972 2392 constituisti

141 2416 241 2446 eum
259 2416 393 2456 super
409 2406 546 2456 opera
563 2406 772 2447 manuum
785 2407 971 2447 tuarum.

194 2466 266 2508 Ad
282 2466 455 2518 Magnis.
475 2468 575 2509 Ant.
592 2467 683 2510 Iste
697 2473 873 2510 sanctus
887 2481 971 2521 pro

140 2524 239 2575 lege
253 2525 337 2566 Dei
353 2524 419 2566 sui
434 2523 619 2566 certavit
632 2537 774 2576 usque
788 2524 846 2566 ad
859 2537 970 2566 mor-

141 2585 244 2631 tem,
269 2586 313 2622 et
336 2594 362 2622 a
385 2579 533 2622 verbis
556 2579 792 2631 impiorum
813 2592 902 2621 non
920 2582 970 2623 ti-

141 2636 263 2677 muit:
276 2636 484 2679 fundatus
504 2635 619 2677 enim
638 2640 732 2677 erat
748 2648 884 2688 supra
900 2636 970 2678 fir-

141 2704 258 2733 mam
275 2697 460 2744 petram.

298 2833 363 2858 Pm
378 2834 488 2859 AEstiva.

1368 279 1531 318 Oratio.

1028 335 1210 440 Deus,
1245 342 1320 393 qui
1348 341 1464 383 hunc
1489 342 1607 384 diem
1631 343 1750 385 beeti
1772 344 1857 386 Ve-

1129 398 1265 439 nantii
1296 398 1500 450 Martyris
1538 399 1603 440 tui
1634 399 1857 452 triumpho

1026 455 1311 496 consecrasti:
1341 454 1502 497 exaudi
1524 468 1681 507 preces
1704 456 1859 509 populi

1025 511 1108 561 tui,
1135 515 1180 552 et
1203 515 1383 563 praesta3
1415 516 1463 553 ut
1489 511 1563 563 qui
1589 512 1680 563 ejus
1701 512 1859 554 merita

1025 569 1301 617 veneramur,
1327 567 1433 608 fidei
1453 568 1745 610 constantiam
1765 569 1857 609 imi-

1025 625 1179 665 temur.
1205 623 1291 665 Per
1309 623 1559 665 Dominum.

1082 685 1129 718 Et
1150 685 1191 718 fit
1216 693 1412 718 commem.
1438 682 1603 724 praeced.

1081 738 1181 777 Ant.
1200 736 1284 777 Hie
1298 736 1364 777 vir
1385 735 1633 790 despiciens
1648 738 1858 779 mundum

1026 796 1071 833 et
1116 794 1291 834 terrena
1335 793 1629 846 triumphans,
1683 794 1858 836 divitias

1026 848 1140 890 coelo
1161 847 1359 891 cendidit
1379 861 1468 899 ore,
1487 863 1629 892 manu.

1082 907 1134 956 V.
1147 909 1322 951 Justum
1341 909 1525 952 deduxit
1543 911 1759 952 Dominus
1778 925 1859 964 per

990 942 996 948 ο
1026 965 1119 1006 vias
1146 971 1300 1008 rectas.
1336 965 1388 1016 Rv-
1410 968 1468 1009 Et
1492 967 1685 1009 ostendit
1708 968 1771 1009 illi
1794 982 1858 1011 re-

1024 1029 1159 1071 gnum
1178 1023 1273 1064 Dei.

1190 1103 1278 1144 Ad
1304 1104 1694 1147 Matutinum.

1081 1166 1252 1207 Invitat.
1294 1168 1460 1217 Regem
1492 1167 1736 1220 Martyrum
1770 1169 1858 1210 Do·
1912 1221 1914 1225 ι

1026 1221 1192 1262 minum
1222 1224 1245 1249 *
1270 1222 1432 1265 Venite
1461 1223 1707 1265 adoremus.

1081 1284 1150 1324 Ps.
1169 1283 1336 1332 Venite,
1357 1284 1635 1326 exsultemus.
1654 1286 1690 1326 2.

1342 1356 1554 1407 Hymnus.

1130 1423 1268 1467 thleta
1286 1426 1448 1468 Christi
1468 1428 1628 1470 nobilis

1172 1481 1299 1524 Idela
1318 1483 1497 1526 damnat
1517 1485 1734 1536 Gentium,

1095 1537 1277 1590 *Deique
1296 1542 1446 1582 amore
1466 1541 1640 1582 saucius

1102 1594 1220 1636 Vitae
1240 1597 1406 1648 pericla
1426 1597 1624 1650 despicit.

1055 1659 1181 1700 Loris
1202 1663 1423 1703 revinctus
1444 1663 1624 1714 asperis,

1105 1715 1142 1756 E
1161 1729 1270 1769 rupe
1288 1731 1492 1771 praeceps
1512 1719 1718 1761 volvitur:

1103 1771 1285 1824 Spineta
1304 1774 1473 1816 vultum
1491 1775 1729 1818 lancinant:

1103 1828 1188 1870 Per
1207 1842 1314 1871 saxa
1334 1843 1495 1883 corpus
1514 1832 1738 1874 scinditur.

1056 1894 1170 1933 Dum
1188 1894 1386 1936 membra
1405 1900 1582 1950 raptant
1600 1897 1818 1949 Martyris,

1104 1949 1334 2001 Languent
1353 1951 1426 1992 siti
1446 1952 1671 1994 satellites:

1103 2005 1235 2057 Signo
1256 2007 1398 2048 crucis
1418 2008 1664 2051 Venantius

1103 2061 1141 2102 E
1160 2075 1270 2115 rupe
1288 2063 1434 2105 fontes
1454 2064 1581 2106 elicit.

1055 2125 1251 2168 Bellator
1270 2139 1297 2168 o
1315 2127 1564 2178 fortissime,

1104 2183 1189 2233 Qui
1207 2183 1391 2236 perfidis
1410 2185 1650 2227 tortoribus

1103 2238 1141 2279 E
1160 2244 1287 2282 caute
1306 2240 1480 2292 praebes
1499 2242 1719 2293 peculum,

1104 2294 1200 2336 Nos
1220 2308 1322 2338 rore
1340 2297 1493 2347 gratiae
1512 2298 1656 2349 irriga.

1054 2359 1119 2400 Sit
1135 2359 1231 2401 laus
1250 2360 1382 2410 Patri,
1395 2361 1457 2412 ‚sit
1476 2361 1599 2411 Filio,

1102 2415 1301 2468 Tibique
1313 2423 1464 2459 sancte
1483 2417 1684 2470 Spiritus:

1102 2472 1172 2513 Da
1191 2485 1272 2524 per
1290 2485 1447 2525 preces
1465 2471 1676 2516 Venantii

1098 2527 1238 2570 Beata
1254 2528 1384 2570 nobis
1402 2528 1572 2580 gaudia.

1335 2586 1489 2635 Amen.

1080 2656 1125 2691 In
1155 2657 1182 2691 I.
1212 2657 1413 2690 Nocturno
1445 2655 1649 2689 Lectiones
1683 2655 1729 2688 de
1760 2653 1858 2687 Scri-

1028 2707 1142 2746 ptura
1167 2707 1401 2738 occurrente.

1584 2827 1628 2859 20
