2040 2976
204 323 302 371 Dei,
323 327 366 363 et
383 321 521 363 tenuit
541 334 651 363 eam:
680 321 887 373 queniam
906 320 1030 361 calci-

205 378 379 419 trabant
414 377 570 427 boves,
616 383 659 419 et
703 377 1032 418 declinaverunt

205 446 311 474 eam.
369 433 603 484 Iratusque
635 438 701 474 est
731 431 1031 482 indignati6ne

203 489 417 529 Deminus
437 495 590 531 contra
612 489 765 538 Ozam,
792 493 836 529 et
854 490 1030 540 percus-

203 544 258 585 sit
277 556 377 584 eum
396 557 529 596 super
548 545 808 586 temeritate:
829 544 903 595 qui
917 545 1030 584 mor-

201 605 301 640 tuus
322 604 389 640 est
407 599 468 640 ibi
488 601 606 651 juxta
625 613 771 641 arcam
790 600 885 640 Dei.

257 656 307 706 R».
331 657 452 697 Deus
473 657 676 697 emnium.
696 656 781 696 177.

507 714 656 754 Lectio
677 714 729 753 iii.

206 761 540 867 Contristetus
561 774 626 809 est
642 773 787 809 autem
802 766 956 816 David,
976 779 1029 807 eo

306 823 426 875 quod
476 827 769 876 percussisset
814 823 1029 864 Dominus

203 879 358 929 Ozam,
384 884 427 923 et
447 883 654 921 vocatum
676 886 743 922 est
765 892 925 922 nomen
943 879 1029 920 loci

200 935 331 976 illius:
376 936 610 977 Permissio
651 937 756 977 Ozae
802 948 941 987 usque
987 936 1030 976 in

202 991 318 1032 diem
337 991 459 1032 hanc.
488 993 543 1033 Et
563 993 762 1034 extimuit
781 991 926 1033 David
942 992 1029 1032 De-

201 1047 366 1087 minum
385 1047 428 1087 in
449 1047 519 1089 die
538 1048 626 1097 illa,
646 1048 812 1090 dicens:
838 1049 1029 1098 Quomo-

202 1102 259 1143 do
275 1102 542 1153 ingredietur
557 1103 613 1145 ad
627 1117 696 1145 me
712 1117 814 1145 arca
828 1103 1028 1144 Domini?

200 1158 257 1199 Et
288 1158 427 1199 noluit
460 1159 677 1201 divertere
711 1159 768 1201 ad
803 1172 850 1200 se
883 1172 1029 1200 arcam

200 1214 377 1254 Demini
413 1214 457 1254 in
497 1215 719 1258 civitatem
752 1215 912 1256 David:
951 1215 1030 1256 sed

201 1268 377 1311 divertit
397 1282 493 1310 eam
511 1271 555 1310 in
571 1271 751 1312 domum
768 1270 1030 1312 Obededom

201 1325 384 1366 Gethaei.
417 1326 474 1367 Et
497 1326 711 1368 habitavit
732 1339 833 1367 arca
852 1327 1029 1367 Demini

199 1380 242 1420 in
261 1380 395 1422 domo
416 1381 677 1423 Obededom
697 1382 871 1424 Gethaei
889 1382 1029 1424 tribus

199 1436 437 1477 mensibus:
479 1443 523 1478 et
557 1437 782 1480 benedixit
813 1439 1030 1480 Deminus

200 1491 471 1543 obededom,
492 1498 536 1534 et
552 1506 726 1535 omnem
738 1495 916 1536 domum
928 1495 1029 1546 ejus.

198 1547 545 1600 Nuntiatumque
563 1555 630 1591 est
645 1550 738 1600 regi
748 1550 893 1591 David
909 1550 1030 1602 quod

202 1602 499 1645 benedixisset
521 1604 737 1647 Dominus
757 1606 1028 1657 Obededom,

201 1663 247 1699 et
272 1659 419 1699 omnia
444 1660 535 1711 ejus
560 1667 745 1713 propter
769 1675 915 1704 arcam
933 1663 1028 1704 Dei.

200 1714 322 1755 Abiit
350 1727 454 1766 ergo
483 1716 645 1767 David,
681 1723 724 1759 et
752 1718 936 1760 adduxit
964 1731 1028 1759 ar-

202 1781 298 1810 cam
325 1771 409 1811 Dei
443 1770 498 1813 de
532 1772 666 1814 domo
695 1773 957 1816 Obededom
984 1775 1027 1815 in

202 1825 423 1867 civitatem
443 1827 587 1869 David
607 1841 706 1870 cum
723 1830 898 1880 gaudio.

257 1882 307 1932 R.
329 1882 555 1924 Deminus.
575 1885 659 1925 177.

429 1986 462 2020 F
474 1997 498 2022 e
510 1998 529 2022 r
539 1987 552 2022 i
564 1998 589 2023 a
620 1987 649 2024 S
661 1999 684 2024 e
696 2000 722 2024 x
733 1993 750 2024 t
761 2000 798 2025 a.

308 2037 372 2077 De
393 2037 505 2078 libro
526 2040 721 2082 secundo
740 2041 923 2091 Regum.

360 2098 509 2138 Lectio
531 2099 553 2137 i.
717 2100 819 2152 Cap.
839 2101 874 2140 7.

289 2156 306 2192 t
338 2164 440 2192 ecce
472 2166 615 2195 sermo
648 2155 824 2196 Domini
857 2158 913 2199 ad
941 2159 1025 2200 Na-

306 2206 422 2256 than,
442 2207 605 2250 dicens:
624 2211 762 2261 Vade,
783 2218 826 2254 et
844 2213 1026 2266 loquere

199 2260 256 2302 ad
280 2274 455 2302 servum
478 2277 622 2305 meum
646 2266 804 2308 David:
829 2269 940 2311 Haec
966 2270 1025 2311 di-

200 2316 258 2358 cit
277 2317 503 2358 Dominus:
527 2320 751 2372 Numquid
771 2328 818 2364 tu
838 2324 1025 2366 aedifica-

199 2371 266 2412 bis
294 2372 399 2413 mihi
427 2373 606 2415 domum
633 2376 689 2418 ad
715 2377 1026 2422 habitandum?

197 2427 354 2479 Neque
380 2429 494 2469 enim
519 2430 713 2473 habitavi
744 2434 787 2474 in
813 2433 946 2477 domo
972 2449 1026 2477 ex

199 2482 269 2523 die
289 2483 378 2532 illa,
405 2496 491 2535 qua
517 2486 649 2526 eduxi
673 2488 788 2529 filios
808 2491 946 2531 Israel
972 2491 1026 2533 de

198 2543 316 2580 terra
330 2540 525 2592 AEgy‘pti‚
545 2554 684 2594 usque
703 2543 746 2583 in
766 2544 882 2586 diem
901 2546 1027 2589 hanc:

199 2594 279 2635 sed
297 2594 575 2636 ambulabam
595 2598 638 2637 in
655 2598 959 2651 tabernaculo,
985 2608 1028 2644 et

199 2649 242 2689 in
261 2650 464 2692 tentorio.

256 2708 306 2758 R.
324 2707 547 2748 Percussit
565 2708 678 2749 Saul.
699 2711 783 2750 178.

571 224 670 257 Infra
700 224 991 257 Hebdomadam
1018 235 1051 257 r.
1077 229 1166 265 post
1191 224 1269 257 Oct.
1297 224 1555 258 Pentecoste&

1068 1324 1184 1374 ·rael,
1205 1329 1249 1366 et
1268 1324 1480 1377 plantabo
1502 1337 1613 1375 eum,
1637 1330 1682 1367 et
1698 1325 1917 1369 habitAbit

1396 318 1547 359 Lectio
1568 319 1607 358 ii.

1089 368 1217 471 Per
1255 378 1412 415 cuncta
1449 373 1564 422 loca,
1605 386 1705 425 quae
1735 374 1917 416 transivi

1179 443 1279 471 cum
1296 428 1497 470 omnibus
1514 429 1617 470 filiis
1631 430 1779 480 Israel,
1796 443 1915 471 num-

1085 485 1191 537 quid
1209 486 1395 538 loquens
1410 485 1585 527 locutus
1603 499 1700 527 sum
1716 485 1773 528 ad
1786 499 1917 527 unam

1085 541 1140 583 de
1158 541 1361 583 tribubus
1380 541 1535 591 Israel,
1562 542 1633 583 cui
1654 543 1851 595 praecepi
1869 547 1917 584 ut

1085 600 1290 650 pasceret
1324 597 1541 650 populum
1581 610 1728 639 meum
1763 598 1917 647 Israel,

1086 653 1251 695 dicens:
1270 654 1416 703 Quare
1434 666 1524 695 non
1543 653 1796 696 aedificastis
1812 654 1918 695 mihi

1085 709 1266 751 domum
1294 709 1540 751 cedrinam?
1585 711 1642 751 Et
1672 723 1788 751 nunc
1819 709 1918 752 haec

1085 765 1206 806 dices
1227 778 1355 807 servo
1375 778 1475 807 meo
1495 766 1656 807 David:
1681 767 1793 807 Haec
1812 766 1918 808 dicit

1085 821 1302 862 Deminus
1329 824 1615 863 exercituum:
1644 823 1741 872 Ego
1769 822 1849 863 tuli
1872 827 1916 864 te

1085 877 1141 918 de
1172 877 1351 929 pascuis
1379 879 1638 929 sequentem
1665 891 1839 929 gregeS‚
1870 883 1919 920 ut

1085 945 1206 974 esses
1238 932 1328 974 dux
1361 946 1494 986 super
1525 934 1741 987 pepulum
1771 947 1918 976 meum

1086 988 1239 1029 Israel:
1279 994 1323 1030 et
1357 989 1419 1030 fui
1454 994 1602 1031 tecum
1636 990 1681 1030 in
1715 990 1918 1032 emnibus

1083 1044 1349 1097 ubicumque
1376 1045 1624 1088 ambulasti:
1652 1051 1696 1088 et
1718 1046 1918 1088 interfeci

1083 1101 1314 1142 universos
1330 1101 1530 1143 inimicos
1546 1107 1646 1143 tuos
1662 1115 1687 1143 a
1701 1102 1813 1144 facie
1827 1107 1918 1144 tua:

1084 1156 1255 1208 fecique
1282 1156 1362 1198 tibi
1395 1169 1556 1198 nomen
1582 1157 1765 1208 grande,
1796 1159 1918 1209 juxta

1084 1224 1244 1253 nomen
1254 1215 1525 1263 magnetum,
1540 1214 1615 1266 qui
1626 1218 1727 1255 sunt
1736 1214 1781 1254 in
1790 1219 1918 1256 terra.

1083 1268 1140 1309 Et
1168 1281 1332 1320 ponam
1359 1268 1508 1310 locum
1534 1269 1703 1322 pepulo
1728 1282 1828 1311 meo
1855 1271 1917 1312 Is-

1083 1380 1165 1421 sub
1185 1393 1256 1430 eo,
1276 1385 1320 1422 et
1339 1393 1428 1422 non
1445 1381 1695 1423 turbabitur
1713 1383 1917 1435 amplius:

1082 1449 1164 1478 nec
1189 1436 1353 1478 addent
1376 1436 1456 1477 filii
1482 1437 1725 1489 iniquitatis
1743 1443 1794 1480 ut
1811 1438 1916 1480 affli-

1082 1498 1187 1542 gant
1215 1505 1315 1534 eum
1339 1492 1452 1534 sicut
1476 1493 1617 1545 prius,
1651 1506 1707 1535 ex
1732 1494 1804 1536 die
1831 1507 1918 1547 qua

1084 1548 1292 1590 constitui
1327 1548 1494 1600 judices
1532 1561 1665 1602 super
1700 1550 1917 1603 pepulum

1082 1616 1229 1645 meum
1247 1603 1400 1644 Israel:
1419 1609 1463 1646 et
1481 1605 1678 1657 requiem
1698 1605 1815 1648 dabo
1835 1606 1917 1648 tibi

1082 1659 1137 1701 ab
1167 1659 1371 1701 omnibus
1398 1660 1585 1702 inimicis
1614 1661 1711 1703 tuis.
1752 1662 1915 1704 Praedi-

1082 1718 1230 1768 citque
1248 1715 1329 1757 tibi
1348 1716 1576 1766 DOminus,
1597 1715 1718 1769 quod
1736 1717 1917 1760 domum

1081 1771 1213 1813 faciat
1232 1771 1312 1813 tibi
1330 1772 1558 1813 Dominus.

1137 1829 1187 1881 Rg.
1211 1827 1386 1869 Montes
1405 1827 1587 1870 Gelboe.
1606 1829 1691 1870 178.

1386 1884 1539 1926 Lectio
1560 1885 1614 1925 iii.

1087 1933 1321 2040 Cumque
1337 1940 1545 1993 completi
1557 1940 1719 1982 fuerint
1733 1940 1828 1982 dies
1838 1941 1912 1992 tui,

1168 1999 1211 2036 et
1231 1995 1463 2038 dormieris
1484 2009 1584 2038 cum
1599 1996 1801 2049 patribus
1814 1997 1912 2048 tuis,

1080 2051 1304 2092 suscitabo
1346 2065 1497 2094 semen
1537 2057 1662 2094 tuum
1701 2057 1807 2105 post
1850 2058 1912 2103 te,

1082 2106 1202 2157 quod
1230 2106 1481 2158 egredietur
1509 2107 1565 2149 de
1592 2111 1718 2149 utero
1746 2114 1839 2158 tuo,
1868 2114 1912 2151 et

1079 2161 1266 2203 firmabo
1292 2175 1475 2213 regnum
1500 2164 1603 2214 ejus.
1645 2164 1748 2216 Ipse
1776 2163 1911 2206 aedifi-

1081 2217 1199 2258 cabit
1224 2216 1404 2259 domum
1427 2219 1593 2260 nomini
1617 2232 1734 2269 meo,
1764 2225 1808 2261 et
1826 2225 1910 2262 sta-

1080 2272 1229 2313 biliam
1260 2273 1468 2319 thronum
1500 2275 1636 2325 regni.
1653 2276 1744 2328 ejus
1771 2289 1910 2328 usque

1079 2328 1123 2368 in
1143 2329 1468 2381 sempiternum.
1499 2331 1595 2380 Ego
1620 2343 1696 2372 ero
1716 2332 1755 2372 ei
1772 2331 1818 2372 in
1835 2345 1909 2384 pa-

1080 2389 1210 2433 trem,
1249 2389 1293 2426 et
1320 2385 1416 2437 ipse
1445 2385 1527 2427 erit
1554 2386 1660 2427 mihi
1686 2387 1731 2428 in
1758 2387 1910 2428 filium:

1081 2440 1156 2490 qui
1181 2440 1218 2480 si
1235 2440 1391 2492 inique
1419 2441 1586 2493 aliquid
1610 2443 1796 2493 gesserit
1806 2475 1818 2497 ,¹
1844 2445 1908 2484 ar-

1079 2508 1210 2545 guam
1234 2509 1333 2537 eum
1356 2497 1400 2537 in
1419 2497 1541 2548 virga
1560 2498 1768 2548 virorum,
1798 2504 1842 2540 et
1865 2500 1910 2540 in

1079 2551 1221 2602 plagis
1249 2551 1439 2593 fili6rum
1465 2552 1702 2595 hominum.
1744 2554 1909 2596 Miseri-

1080 2605 1276 2647 cOrdiam
1313 2613 1461 2649 autem
1495 2622 1640 2650 meam
1671 2622 1759 2651 non
1791 2610 1907 2652 aufe-

1080 2674 1173 2701 ram
1204 2662 1259 2704 ab
1292 2675 1363 2713 eo,
1398 2665 1512 2706 sicut
1544 2665 1705 2706 abstuli
1737 2679 1763 2707 a
1793 2666 1908 2716 Saul,

1081 2728 1211 2766 quem
1236 2720 1381 2760 amevi
1405 2732 1430 2760 a
1453 2720 1564 2761 facie
1583 2733 1692 2762 mea.
1727 2721 1784 2762 Et
1803 2721 1907 2763 fide-
