2040 2976
619 231 831 265 Commune
857 229 1111 273 plurimorum
1136 228 1357 271 Martyrum.

187 330 358 378 Venite,
379 333 422 370 et
436 327 583 369 videte
600 329 736 379 epera
749 325 847 375 Dffl,
869 337 967 377 quae

135 386 284 438 posuit
298 384 502 438 prodigia
516 396 648 436 super
662 388 841 424 terram:
856 383 879 408 *
895 383 966 422 311-

135 442 279 484 ferens
298 441 415 483 bella
434 453 573 493 usque
593 439 650 481 ad
669 439 801 480 finem
825 443 967 479 terrae.

127 523 137 527 -
187 499 355 539 Arcum
392 499 608 546 centeret,
646 500 689 538 et
724 495 968 544 confringet

137 568 272 596 arma:
299 555 322 580 *
352 559 395 596 et
423 558 548 595 scuta
575 551 806 594 comburet
832 550 932 601 igni.

188 611 376 660 Vacate,
405 614 449 652 et
476 609 622 651 videte
652 607 858 660 queniam
886 618 968 657 ego

138 681 235 709 sum
249 667 386 709 Deus:
400 667 424 692 *
439 664 668 708 exaltabor
682 664 727 704 in
743 663 969 712 Gentibus,

139 729 183 766 et
210 723 439 765 exaltabor
465 722 510 763 in
537 727 664 763 terra.

190 780 405 822 Deminus
436 779 647 820 virtutum
673 775 918 818 nobiscum:
946 775 970 800 ¹⁸¹

139 837 369 889 susceptor
396 839 547 877 noster
574 834 696 875 Deus
723 831 873 874 Jacob.

188 902 287 942 Ant.
340 901 458 940 Ecce
502 907 672 936 merces
718 895 971 935 sancterum

140 954 323 1006 copiesa
342 958 409 995 est
434 951 554 1005 apud
571 952 733 992 Deum:
760 950 846 1003 ipsi
864 962 971 991 vero

139 1010 301 1052 mortui
319 1014 420 1051 sunt
438 1020 520 1062 pro
540 1007 732 1057 Christo,
761 1012 805 1048 et
824 1006 973 1047 vivent

139 1067 185 1107 in
204 1068 428 1108 aeternum.

189 1124 240 1177 V.
270 1127 296 1168 J
297 1127 384 1168 usti
403 1129 550 1168 autem
568 1125 613 1166 in
630 1126 896 1178 perpetuum
914 1123 973 1164 vi-

140 1188 254 1225 vent.
293 1186 344 1238 R.
383 1184 440 1225 Et
477 1182 595 1236 apud
630 1181 870 1222 Deminum
908 1184 975 1221 est

142 1253 312 1282 merces
341 1253 505 1282 eorum.

196 1303 323 1343 Pater
346 1306 508 1343 noster.

194 1363 440 1405 Absolutio.
468 1364 509 1404 A
531 1359 726 1402 vinculis.

192 1420 243 1472 V.
274 1421 386 1463 Jube
407 1421 578 1463 domne.

193 1485 356 1528 Bened.
387 1482 653 1534 Evangelica
675 1481 818 1523 lectio.

142 1553 297 1596 Lectio
324 1549 708 1648 sanctilljlvangelii
734 1550 977 1591 secundum

510 1620 638 1649 ucam

244 1674 396 1715 Lectio
417 1673 484 1713 vii.
644 1672 746 1724 Cap.
760 1672 819 1711 21.
835 1683 869 1711 c.

143 1723 221 1829 In
246 1727 322 1768 illo
348 1728 564 1779 tempore:
609 1725 732 1766 Dixit
760 1724 784 1764 J
788 1736 888 1765 esus
917 1722 977 1763 di-

220 1783 398 1836 scipulis
440 1783 549 1824 suis:
601 1783 711 1824 Cum
753 1779 978 1821 audieritis

145 1839 309 1893 praelia,
329 1844 373 1881 et
388 1838 639 1888 seditienes,
657 1837 793 1879 nolite
807 1836 978 1878 terreri:

147 1898 325 1949 opertet
339 1896 529 1948 primum
543 1895 640 1936 haec
654 1894 760 1943 fieri,
781 1893 860 1934 sed
874 1906 978 1934 non-

147 1952 252 1994 dum
271 1952 419 1994 statim
439 1952 548 1992 finis.
582 1952 639 1993 Et
657 1950 836 2001 reliqua.

193 2020 386 2063 Homilia
405 2020 546 2062 sancti
566 2019 772 2070 Gregorii
789 2019 936 2071 Papae.

324 2082 467 2116 Homil.
488 2081 540 2116 35
563 2080 602 2114 in
621 2079 805 2123 Evangel

225 2139 267 2172 ἐ
282 2134 454 2176 eminus
470 2145 521 2174 36
536 2132 816 2186 Redemptor
830 2135 981 2173 noster

190 2210 194 2220 «
208 2190 227 2214 -'
270 2180 273 2228 ἶ
298 2189 485 2244 perituri
499 2188 652 2230 mundi
666 2188 982 2241 praecurrentia

207 2244 267 2272 Ἀ
298 2246 414 2287 111313
433 2245 671 2294 denuntiat,
697 2250 746 2286 ut
765 2257 818 2286 eo
838 2244 982 2284 minus

149 2302 410 2355 perturbent
434 2301 669 2351 venientia,
706 2314 794 2353 quo
820 2300 983 2342 fuerint

149 2360 367 2411 praescita.
406 2358 551 2399 Minus
580 2357 695 2399 enim
721 2356 862 2409 jacula
887 2357 982 2397 feri-

150 2420 239 2465 unt,
260 2427 359 2466 quae
378 2413 694 2467 praevidentur:
714 2418 758 2454 et
775 2425 857 2454 nos
876 2412 983 2454 tole-

151 2471 330 2513 rabilius
345 2470 497 2512 mundi
515 2470 631 2511 mala
650 2469 925 2522 suscipimus,
948 2469 986 2509 si

153 2532 308 2569 contra
339 2526 436 2568 haec
466 2538 547 2579 per
578 2526 870 2579 praescientiae
899 2525 984 2577 ely-

152 2597 286 2636 peum
308 2584 538 2624 munimur.
583 2583 700 2623 Ecce
726 2581 841 2623 enim
865 2581 986 2623 dicit:

154 2640 264 2681 Cum
296 2638 522 2680 audieritis
549 2638 702 2690 praelia
729 2643 774 2679 et
809 2637 985 2679 seditie-

153 2709 247 2745 nes,
284 2695 420 2737 nolite
448 2694 620 2736 terreri:
660 2696 839 2747 opertet
870 2694 986 2736 enim

154 2753 345 2804 primum
383 2751 480 2792 haec
515 2751 629 2801 fieri,
675 2750 755 2792 sed
791 2750 987 2792 nondum

1786 223 1857 266 [43]

1021 323 1172 364 statim
1195 322 1305 363 finis.
1347 321 1580 363 Pensanda
1603 325 1703 362 sunt
1722 319 1858 361 verba

1021 378 1336 431 RedemptOris
1364 378 1519 428 nostri,
1547 391 1627 430 per
1653 390 1753 429 quae
1776 389 1857 418 nos

1022 435 1141 477 aliud
1159 436 1358 486 interius,
1393 434 1512 476 aliud
1541 434 1733 475 exterius
1761 446 1857 486 pas-

1015 495 1152 533 811108
1169 505 1266 533 6886
1282 491 1522 533 denuntiat.
1552 490 1678 532 Bella
1694 491 1858 542 quippe

1022 548 1080 590 ad
1099 548 1251 590 hostes
1271 548 1508 601 pertinent,
1542 547 1783 588 seditiones
1803 545 1860 587 ad

1024 606 1153 647 cives.
1186 605 1246 647 Ut
1267 617 1372 656 ergo
1392 617 1474 645 nos
1494 603 1658 645 indicet
1677 603 1859 644 interius

1025 662 1306 713 exteriusque
1330 660 1514 710 turbari,
1548 659 1667 701 aliud
1694 673 1776 701 nos
1801 660 1859 700 fa-

1024 720 1142 759 tetur
1162 717 1216 759 ab
1232 716 1447 767 hostibus,
1469 716 1587 758 aliud
1607 729 1632 757 3
1652 715 1860 757 fratribus

1023 775 1209 827 perpeti,

1058 835 1127 897 ..R
1158 832 1348 883 Propter
1375 832 1687 872 testamentum
1711 829 1860 870 Domi-

1025 889 1085 938 ni,
1123 893 1167 930 et
1199 887 1319 938 leges
1347 889 1572 940 paternas,
1610 886 1749 927 sancti
1777 885 1862 926 Dei

1025 945 1312 998 perstiterunt
1330 944 1374 984 in
1389 945 1540 984 amere
1560 942 1862 985 fraternitatis.

1025 1006 1047 1029 *
1065 1001 1177 1052 Quia
1196 1013 1307 1042 unus
1327 1000 1407 1042 fuit
1426 1012 1600 1052 semper
1620 999 1799 1052 spiritus
1819 999 1863 1039 in

1027 1059 1106 1108 eis,
1143 1062 1188 1099 et
1218 1070 1304 1098 una
1331 1056 1453 1098 fides.
1494 1052 1545 1103 V.
1579 1057 1696 1097 Ecce
1731 1068 1863 1108 quam

1026 1114 1192 1156 bonum
1225 1118 1269 1155 et
1302 1126 1434 1165 quam
1475 1112 1712 1165 jucundum
1743 1111 1862 1153 habi-

1026 1174 1122 1213 tare
1142 1171 1300 1212 fratres
1322 1170 1365 1210 in
1384 1183 1529 1211 unum.
1558 1170 1680 1220 Quia.

1080 1234 1243 1276 Bened.
1269 1235 1468 1283 Quorum
1488 1231 1648 1272 festum
1669 1230 1864 1272 colimus.

1314 1299 1468 1340 Lectio
1489 1298 1573 1338 viii.

1103 1353 1159 1395 ed
1200 1353 1267 1394 his
1312 1353 1437 1394 malis
1482 1352 1865 1406 praevenientibus,

1103 1411 1224 1462 «quia
1247 1423 1335 1451 non
1357 1410 1505 1452 statim
1524 1410 1623 1450 finis
1644 1411 1866 1461 sequatur,

1029 1467 1241 1519 adjungit:
1274 1467 1432 1518 Surget
1455 1479 1562 1518 gens
1587 1471 1742 1508 contra
1765 1478 1865 1516 gen-

1028 1528 1130 1573 tem,
1159 1528 1203 1565 et
1227 1536 1412 1574 regnum
1436 1522 1648 1564 adversus
1669 1535 1866 1573 regnum:

1031 1586 1075 1622 et
1113 1582 1394 1621 terraemetus
1435 1580 1582 1632 magni
1619 1585 1747 1621 erunt
1787 1592 1867 1631 per

1029 1637 1138 1687 loca,
1155 1641 1198 1678 et
1213 1636 1487 1689 pestilentiae,
1504 1642 1547 1678 et
1565 1637 1713 1686 fames,
1728 1641 1865 1677 terro-

1030 1695 1189 1746 resque
1226 1693 1281 1735 de
1314 1693 1443 1735 coelo:
1481 1699 1524 1735 et
1555 1694 1678 1744 signa
1709 1705 1868 1743 magna

1032 1755 1168 1792 erunt.
1200 1750 1366 1792 Ultima
1381 1749 1608 1792 tribulatio
1627 1749 1776 1791 multis
1795 1749 1868 1790 tri·

1030 1806 1329 1848 bulationibus
1368 1809 1656 1859 praevenitur:
1706 1811 1750 1847 et
1787 1818 1868 1858 per

1034 1863 1190 1904 crebra
1209 1863 1339 1912 mala,
1369 1876 1468 1915 quae
1487 1862 1779 1915 praeveniunt,
1807 1862 1866 1902 in-

1032 1919 1233 1961 dicantur
1252 1919 1367 1960 mala
1386 1921 1617 1972 perpetua,
1647 1931 1746 1970 quae
1769 1917 1867 1959 sub-

1032 1978 1282 2028 sequentur.
1323 1977 1380 2017 Et
1411 1975 1513 2017 ideo
1545 1980 1649 2028 post
1679 1974 1796 2017 bella
1825 1979 1869 2016 et

1033 2031 1272 2074 seditienes
1304 2045 1393 2074 non
1427 2032 1574 2074 statim
1607 2031 1723 2072 finis:
1767 2031 1869 2084 quia

1033 2087 1171 2130 multa
1190 2088 1354 2130 debent
1371 2088 1487 2129 mala
1505 2091 1792 2141 praecurrere,
1820 2093 1869 2129 ut

1032 2145 1197 2185 malum
1216 2144 1391 2186 valeant
1412 2145 1504 2186 sine
1523 2144 1610 2186 fine
1629 2145 1842 2186 nuntiare.

1086 2207 1136 2258 R.
1165 2205 1313 2247 Sancti
1338 2205 1434 2255 mei,
1467 2205 1542 2258 qui
1564 2205 1609 2246 in
1634 2218 1765 2247 carne
1791 2207 1868 2258 po-

1035 2261 1116 2310 8111,
1154 2264 1377 2303 66113111611
1400 2261 1630 2304 habuistis:
1653 2261 1676 2285 *
1704 2262 1869 2303 Merce-

1035 2317 1137 2359 dem
1179 2317 1343 2360 laboris
1386 2331 1468 2370 ego
1510 2318 1694 2360 reddam
1730 2318 1869 2360 vobis.

1036 2369 1085 2420 V.
1125 2374 1286 2416 Venite
1328 2374 1551 2417 benedicti
1586 2375 1731 2416 Patris
1772 2375 1869 2424 mei,

1035 2431 1250 2483 percipite
1269 2443 1462 2482 regnum.
1482 2431 1745 2479 Mercedem.
1766 2431 1869 2473 Glo-

1036 2487 1101 2527 ria
1119 2487 1249 2528 Patri.
1278 2487 1541 2530 Mercedem.

1091 2545 1263 2590 Sequens
1288 2547 1499 2591 11,-,11161131
1523 2552 1613 2592 post
1636 2547 1716 2581 viii.
1743 2547 1805 2581 vel
1830 2547 1867 2580 ii.

1036 2593 1137 2628 Lect.
1168 2596 1206 2629 in
1242 2596 1341 2630 festo
1371 2597 1626 2640 plurimorum
1658 2595 1869 2638 Martyrum

1036 2642 1206 2678 fratrum.

1091 2697 1141 2748 111.
1159 2696 1270 2738 Haec
1286 2701 1354 2739 est
1368 2709 1473 2738 vera
1491 2696 1750 2744 fraternitas,
1771 2707 1870 2746 quae

1036 2765 1276 2804 numquam
1290 2753 1435 2806 petuit
1449 2753 1605 2794 violari
1620 2751 1871 2793 certamine:
