2040 2976
162 204 233 239 463
563 197 633 230 θὶς
659 198 686 231 4.
713 197 890 238 Augusti.

166 300 228 340 vit
260 298 390 339 etiam
422 308 505 348 pro
534 292 892 347 persecutoribus
923 304 994 332 ex-

166 357 292 397 orare
332 352 569 394 Dominum
610 355 810 391 nostrum
845 348 995 389 Jesum

166 411 387 452 Christum
406 408 565 449 Fssium
583 412 721 447 tuum:
746 404 831 455 Qui
850 410 995 446 tecum

165 467 273 509 vivit
293 471 337 507 et
355 469 519 516 regnat.

435 537 503 574 Ad
526 536 730 573 Tertiam.

220 594 316 632 Ant.
347 590 536 643 I.apides
556 589 775 630 torrentis.

221 653 480 703 Capitulum.
510 650 765 702 Stephanus.
785 649 878 689 467.

221 714 268 764 R«.
292 713 350 751 br.
379 712 532 754 Gloria
556 716 600 752 et
624 709 792 750 honore
818 713 838 733 *
861 708 994 749 Coro—

166 771 280 812 nasti
303 783 402 811 eum
429 768 627 809 Domine.
666 765 829 808 Gloria.
869 762 915 811 Y.
939 764 996 805 Et

167 825 431 869 constituisti
459 837 558 866 eum
584 836 716 876 super
745 824 879 874 opera
906 822 995 861 ma-

166 896 300 924 nuum
328 884 512 923 tuarum.
557 879 802 921 Coronasti.
847 877 996 918 Gloria

166 939 298 981 Patri.
333 937 487 979 Gloria
506 942 559 978 et.

222 990 271 1041 Y.
290 993 482 1035 Posuisti
501 992 690 1034 Domine
710 1003 842 1044 super
863 995 996 1043 caput

168 1052 269 1102 ejus.
320 1051 366 1101 Rg.
393 1050 612 1091 Coronam
641 1047 695 1089 de
712 1047 871 1101 ‘lapide
898 1059 994 1099 pre-

166 1107 293 1148 tioso.

446 1161 513 1198 Ad
536 1161 722 1197 Sextam.

223 1216 318 1254 Ant.
352 1213 551 1256 Adhaesit
570 1213 713 1254 anima
731 1224 840 1253 mea.

220 1275 478 1327 Capitulum.
742 1275 837 1315 Act.
855 1276 891 1314 6.
909 1288 941 1315 c.

166 1331 494 1439 Surrexerunt
535 1339 681 1376 autem
722 1332 901 1385 quidam
938 1331 993 1373 de

253 1394 490 1445 synagoga,
520 1404 618 1443 quae
647 1389 897 1443 appellatur
923 1389 992 1429 Li-

164 1449 451 1498 bertinorum,
495 1453 539 1489 et
577 1446 907 1499 Cyrenensium,
950 1450 993 1486 et

166 1504 583 1552 Alexandrinorum,
635 1508 678 1544 et
723 1505 875 1543 eorum
922 1502 996 1553 qui

167 1567 290 1602 erant
309 1574 334 1602 a
354 1561 503 1602 Cilicia
522 1565 566 1601 et
581 1559 699 1608 Asia,
719 1557 996 1611 disputantes

168 1630 267 1658 cum
299 1616 538 1669 Stephano:
583 1620 627 1656 et
664 1627 752 1655 non
790 1615 997 1666 poterant

168 1675 372 1715 resistere
398 1671 624 1725 sapientiae
655 1675 698 1712 et
724 1670 896 1722 spiritui
922 1670 997 1722 qui

167 1728 442 1780 loquebetur.

226 1791 272 1839 R.
294 1790 354 1830 br.
380 1788 572 1830 Posuisti
597 1787 785 1829 Domine
811 1794 832 1814 *
856 1787 997 1839 Super

169 1850 301 1897 caput
324 1845 425 1896 ejuS.
460 1844 664 1886 Posuisti.
700 1842 750 1893 V.
777 1843 997 1884 Coronam

170 1900 224 1942 de
244 1901 391 1953 lapide
415 1902 625 1954 pretioso.
659 1901 812 1952 Super.
848 1898 997 1940 Gloria

168 1957 299 1998 Patri.
328 1957 530 1999 Posuisti.

222 2012 270 2062 Y·
289 2017 447 2069 Magna
467 2023 535 2059 est
552 2018 692 2069 gloria
711 2019 803 2069 ejus
821 2017 865 2057 in
884 2015 995 2057 salu-

168 2074 251 2115 tari
280 2080 366 2115 tuo.
415 2076 461 2126 lig.
494 2074 692 2115 Gloriam
719 2079 763 2116 et
790 2084 996 2122 magnum

169 2129 375 2172 decorem
392 2131 591 2183 impones
611 2143 745 2183 super
765 2143 875 2172 eum.

447 2206 514 2242 Ad
537 2206 722 2242 Nonam.

223 2259 321 2298 Ant.
352 2259 464 2299 Ecce
484 2257 626 2300 video.

223 2315 481 2366 Capitulum.
745 2320 839 2360 Act.
855 2320 890 2359 7.
906 2334 943 2369 g.

257 2373 380 2414 ositis
401 2378 546 2414 autem
566 2374 764 2424 genibus,
791 2374 996 2416 clamavit

267 2441 378 2470 voce
410 2442 577 2480 magna,
611 2429 775 2471 dicens:
807 2430 996 2471 Domine
1059 2430 1062 2473 Ῑ

168 2498 223 2527 ne
249 2487 416 2527 statuas
441 2485 526 2526 illis
550 2485 636 2527 hoc
660 2488 903 2538 peccatum.
939 2486 996 2527 Et

169 2554 268 2583 cum
298 2541 383 2583 hoc
416 2541 614 2591 dixisset,
654 2541 922 2583 obdormivit
952 2542 996 2582 in

166 2598 371 2640 Domino.

223 2652 272 2703 R.
289 2651 350 2692 br.
370 2653 528 2704 Magna
547 2659 615 2694 est
632 2653 772 2704 gloria
791 2654 882 2704 ejus
903 2656 926 2679 ¹*
946 2654 996 2694 In

167 2709 348 2752 salutari
375 2715 464 2751 tuo.
506 2709 674 2759 Magna.
717 2703 765 2753 Y.
800 2708 997 2751 Gloriam

939 199 972 229 S.
1003 195 1192 229 Dominici
1216 193 1474 228 Confessoris.

1048 295 1091 331 et
1118 302 1324 339 magnum
1353 287 1561 330 decorem
1584 287 1786 339 impones
1810 300 1878 328 su-

1047 359 1127 398 per
1149 358 1258 386 eum.
1287 345 1349 385 In.
1383 343 1534 386 Gloria
1549 342 1680 384 Patri.
1708 342 1879 395 Magna.

1102 403 1152 454 V.
1202 406 1352 446 Justus
1400 410 1448 446 ut
1497 403 1646 457 palma
1690 403 1879 446 florebit.

1053 464 1100 514 Ru
1121 462 1241 503 Sicut
1261 461 1421 503 cedrus
1441 460 1598 502 Libani
1617 459 1878 513 multiplica-

1047 517 1175 560 bitur.

1102 583 1287 625 Vcspcrae
1326 582 1373 615 dc
1415 591 1521 624 sequ.
1562 589 1647 613 cum
1683 587 1880 613 commem.

1051 632 1085 665 S.
1110 631 1307 673 stephani.

1103 680 1141 713 Si
1175 680 1217 712 ΙΙ.
1252 679 1435 720 Vespcrae
1470 675 1646 710 dicendae
1680 674 1757 707 sint
1788 673 1882 707 inte-

1051 737 1140 768 gra:
1171 728 1257 760 Ant.
1283 732 1317 760 ct
1344 726 1467 768 Capit.
1500 725 1546 758 de
1572 722 1691 757 Laud.
1710 720 1786 756 467.
1821 720 1882 754 Ps.

1052 776 1098 808 dc
1117 775 1266 807 homin.
1290 770 1369 805 106.
1398 779 1433 807 ct
1457 773 1544 806 loco
1569 771 1694 806 ultimi
1712 768 1881 811 Credidi.

1050 819 1132 854 109.
1151 824 1287 866 IIymn.
1315 823 1361 856 cle
1384 822 1528 856 Comm.
1552 821 1667 854 unius
1683 819 1792 853 Mart.
1812 816 1882 861 [31]

1281 900 1366 942 Die
1386 902 1424 941 4.
1445 899 1646 950 Augusti.

1141 965 1201 1006 ⁴S.
1221 964 1471 1006 Dominici
1493 962 1781 1004 Confessoris.

1310 1023 1463 1066 Duplex
1490 1023 1625 1062 maiuS.

1104 1077 1241 1111 Omnia
1273 1076 1319 1110 de
1350 1076 1495 1109 Comm.
1527 1073 1636 1108 Conf.
1667 1081 1746 1106 non
1775 1070 1884 1105 Pont.

1050 1122 1118 1165 [67]
1146 1130 1287 1168 praetcr
1312 1135 1418 1167 sequ.
1440 1121 1500 1162 (m.
1524 1125 1548 1156 t.
1572 1122 1622 1164 v.)

1388 1174 1553 1215 Oratio.

1138 1243 1229 1279 eus,
1256 1230 1330 1282 qui
1354 1229 1600 1270 Ecclesiam
1620 1233 1742 1270 tuam
1763 1228 1884 1271 beati

1151 1286 1372 1328 Dominici
1398 1285 1676 1327 Confessoris
1701 1285 1767 1327 tui
1789 1285 1883 1327 illu-

1049 1344 1215 1385 minare
1241 1342 1445 1394 dignatus
1473 1355 1520 1384 es
1542 1342 1710 1384 meritis
1737 1347 1781 1384 et
1807 1340 1882 1384 do-

1050 1400 1214 1442 ctrinis:
1243 1399 1454 1448 concede3
1481 1404 1530 1440 ut
1558 1399 1650 1450 ejus
1676 1398 1883 1440 interces-

1050 1457 1174 1498 sione
1201 1454 1521 1508 tempora1ibus
1553 1467 1642 1496 non
1675 1454 1884 1496 destitua-

1048 1518 1119 1554 tur
1147 1512 1334 1561 auxiliis,
1368 1517 1412 1554 et
1443 1511 1745 1565 spiritualibus
1773 1523 1884 1553 sem-

1050 1581 1130 1621 per
1148 1568 1353 1621 proficiat
1372 1567 1664 1609 incrementis.
1693 1568 1776 1609 Per
1795 1568 1884 1609 Do-

1050 1625 1215 1665 minum
1232 1629 1445 1666 nostrum.

1106 1687 1255 1721 Dcindc
1278 1688 1317 1722 fit
1342 1697 1541 1722 commem.
1566 1685 1732 1730 praeced.

1106 1739 1205 1780 Ant.
1225 1737 1503 1790 Sepelierunt
1515 1737 1787 1790 Stephanum
1804 1737 1886 1778 viri

1049 1793 1252 1843 timorati,
1273 1798 1316 1834 et
1335 1793 1534 1835 fecerunt
1551 1793 1778 1846 planctum
1796 1806 1885 1834 ma-

1049 1862 1183 1901 gnum
1202 1862 1336 1902 super
1356 1862 1467 1891 eum.

1106 1912 1157 1960 V.
1186 1910 1434 1962 Stephanus
1459 1910 1570 1952 vidit
1595 1910 1735 1952 coelos
1760 1912 1884 1963 aper-

1049 1972 1132 2009 tos.
1154 1968 1157 1971 ’
1181 1971 1232 2022 R.
1256 1966 1381 2008 Vidit
1409 1972 1454 2008 et
1480 1967 1695 2008 introivit:
1726 1966 1884 2008 beatus

1049 2022 1195 2072 homo,
1215 2022 1286 2064 cui
1306 2022 1408 2064 coeli
1427 2022 1650 2076 patebant.

1107 2086 1271 2127 Oratio.
1299 2086 1366 2126 Da
1384 2084 1524 2126 nobis.
1543 2084 1638 2125 467.

1106 2147 1146 2180 In
1172 2146 1198 2180 I.
1224 2147 1334 2181 Noct.
1359 2146 1461 2180 Lect.
1485 2146 1630 2180 Beatus
1652 2145 1724 2180 vir.
1753 2144 1800 2179 de
1824 2153 1886 2178 eo-

1055 2195 1141 2228 dem
1167 2194 1371 2228 Communi
1395 2195 1425 2228 2.
1449 2194 1549 2228 loco.
1569 2193 1638 2237 [77]

1279 2256 1328 2294 In
1355 2255 1405 2294 II.
1434 2254 1659 2294 Nocturno.

1358 2316 1511 2356 Lectio
1532 2316 1585 2355 iv.

1427 2374 1655 2425 Calarogae
1670 2375 1714 2415 in
1729 2375 1883 2427 Hispa-

1110 2483 1113 2485 .
1144 2478 1146 2480 .
1171 2433 1174 2468 ὲ
1196 2430 1269 2471 nia
1301 2443 1355 2472 ex
1386 2430 1523 2472 nobili
1557 2431 1882 2472 Gusmanorum

1059 2484 1063 2497 ¹
1118 2483 1173 2511 ‘A
1197 2487 1361 2527 familia
1380 2492 1524 2537 natus,
1545 2487 1755 2528 Palentiae
1774 2486 1880 2528 libe-

1049 2543 1214 2584 ralibus
1260 2543 1503 2596 disciplinis
1555 2549 1598 2586 et
1641 2543 1880 2593 theologiae

1050 2601 1231 2651 operam
1258 2599 1394 2641 dedit:
1424 2613 1511 2652 quo
1537 2600 1581 2641 in
1607 2599 1755 2641 studio
1781 2611 1881 2639 cum

1048 2654 1285 2706 plurimum
1309 2656 1587 2708 profecisset,
1616 2655 1739 2708 prius
1764 2654 1880 2696 Oxo-

1048 2712 1210 2752 mensis
1235 2712 1433 2753 ecclesiae
1455 2712 1692 2753 canonicus
1709 2709 1879 2762 regula-
