2040 2976
167 202 261 246 [318]

167 299 390 348 allaturus,
411 312 521 351 quas
537 311 636 340 cum
651 299 822 342 videret
837 300 1001 352 ingenti

167 356 320 408 populi
353 355 580 397 christiani
607 355 769 398 damno
797 357 930 399 latius
957 358 1001 399 in

169 412 262 454 dies
299 414 497 462 manare,
533 411 766 464 diligenter
802 415 1001 467 copiose-

168 482 252 521 que
279 469 479 511 refellere
499 470 727 520 cogitarat.
759 471 811 511 In
833 471 1001 513 Gallias

166 525 267 567 inde
287 526 514 578 profectus
534 540 560 568 a
576 526 766 568 Photino
787 531 1000 581 episcopo

165 582 400 635 presbyter
424 589 492 626 est
515 584 782 626 constitutus
802 585 1001 627 ecclesiae

166 638 483 690 Lugdunensis.
518 640 649 691 Quod
672 655 830 683 munus
856 643 919 684 sic
942 642 1000 683 la-

165 696 367 738 borando
391 697 435 738 in
455 697 594 740 verbo
621 703 664 740 et
686 698 890 740 doctrina
908 711 1001 750 ges-

167 753 232 802 sit,
252 758 300 795 ut
320 754 523 805 (testibus
543 755 707 796 sanctis
722 755 1000 808 Martyribus‚

167 810 242 862 qui
253 810 405 852 Marco
417 811 600 853 Aurelio
616 812 886 864 imperatore
901 814 1002 854 stre-

166 879 250 908 nue
276 880 358 920 pro
379 881 484 909 vera
502 868 668 921 pietate
689 871 924 920 certarant)

166 923 430 966 mulatorem
458 938 557 967 sese
582 926 843 978 praestiterit
869 931 999 968 testa-

167 981 303 1023 menti
331 980 504 1023 Christi.

219 1043 269 1095 R.
287 1039 537 1080 Honestum
561 1039 666 1080 fecit
684 1039 807 1080 illum
826 1039 932 1090 Dns,
958 1045 1002 1081 et

168 1084 408 1137 custodivit
439 1109 539 1137 eum
571 1095 626 1137 ab
658 1096 861 1146 inimicis,
900 1102 944 1138 et
977 1110 1002 1138 a

167 1151 476 1194 seductoribus
491 1153 653 1194 tutavit
667 1153 804 1194 illum:
797 1156 835 1181 ·*
854 1154 912 1195 Et
928 1153 1000 1195 de-

167 1208 230 1250 dit
249 1208 311 1249 illi
331 1209 576 1251 claritatem
597 1212 818 1251 aeternam.
842 1207 893 1259 V.
915 1211 1000 1252 De-

166 1265 426 1319 scenditque
451 1279 551 1308 cum
570 1266 647 1308 illo
673 1267 717 1307 in
742 1267 931 1318 foveam,
958 1273 1002 1309 et

164 1323 207 1363 in
228 1323 413 1365 vinculis
433 1337 522 1365 non
539 1323 775 1376 dereliquit
794 1337 905 1366 eum.
933 1325 1001 1367 Et.

475 1382 627 1423 Lectio
647 1397 685 1423 v.

238 1450 312 1477 um
357 1437 577 1489 Martyres
630 1438 718 1491 ipsi
766 1438 1000 1490 clerusque

266 1492 573 1544 Lugdunensis
594 1493 649 1536 de
669 1507 779 1548 pace
795 1495 999 1536 ecclesia-

163 1563 259 1591 rum
291 1551 429 1601 Asiae,
464 1564 595 1603 quam
628 1552 997 1594 Montanistarum

163 1607 296 1649 factio
308 1607 521 1658 turbarat,
538 1608 716 1650 solliciti
732 1622 831 1651 cum
845 1609 999 1661 primis

164 1669 322 1714 essent,
342 1666 571 1715 Irenaeum,
598 1667 720 1718 cujus
745 1678 843 1708 esse
862 1669 999 1719 potis-

163 1722 321 1762 simum
340 1722 588 1764 habendam
607 1723 823 1764 rationem
841 1722 999 1775 praedi-

163 1778 336 1828 cabant,
355 1792 491 1820 unum
507 1779 702 1820 omnium
716 1780 906 1821 maxime
927 1780 999 1822 de-

160 1835 375 1886 legerunt,
405 1849 536 1888 quem
565 1836 756 1877 Romam
784 1836 842 1878 ad
869 1836 996 1879 Eleu-

160 1892 349 1934 therium
376 1893 641 1935 Pontificem
672 1896 899 1936 mitterent
930 1907 997 1936 ro-

161 1952 328 2000 gamm,
354 1956 403 1992 ut
427 1951 554 1992 novis
582 1951 781 1992 sectariis
809 1951 997 1992 auctori-

161 2009 251 2048 tate
279 2007 407 2049 Sedis
439 2008 699 2060 apostolicae
732 2008 998 2064 reprobatis,

163 2063 485 2106 discordiarum
501 2078 634 2106 causa
643 2065 886 2107 tolleretur.
901 2066 925 2107 J
928 2078 999 2107 am

161 2119 376 2162 Photinus
402 2124 641 2174 episcopus
661 2122 828 2175 Martyr
847 2122 996 2164 deces-

162 2182 296 2218 serat:
329 2177 431 2220 huic
464 2179 661 2220 Irenaeus
694 2192 795 2220 cum
826 2192 996 2221 succes-

164 2235 313 2284 sisset,
349 2239 440 2276 tam
476 2235 661 2278 feliciter
697 2250 856 2278 munus
890 2236 1000 2279 obiit

165 2290 461 2343 episcopatus,
480 2297 528 2333 ut
544 2291 771 2345 sapientia,
787 2293 998 2343 oratione,

164 2347 457 2400 exemploque
484 2361 565 2390 suo
592 2362 681 2391 non
709 2350 845 2392 modo
874 2326 999 2392 brevi

164 2404 282 2446 cives
292 2403 612 2455 Lugdunenses
624 2419 788 2457 omnes,
804 2406 885 2448 sed
900 2407 1000 2448 mul-

163 2467 235 2503 tos
267 2461 399 2502 etiam
427 2461 609 2503 aliarum
638 2463 795 2505 Galliae
823 2463 999 2506 urbium

163 2518 331 2560 incolas
351 2519 711 2571 superstitionem
731 2525 864 2572 atque
882 2523 998 2563 erro-

164 2587 257 2616 rem
273 2574 496 2626 abjecisse,
518 2575 784 2628 dedisseque
802 2577 998 2618 christia-

164 2644 233 2672 nae
247 2631 414 2674 militiae
430 2633 608 2674 nomina
623 2632 794 2674 viderit.
812 2634 999 2684 Interea,

166 2701 299 2739 quum
325 2688 380 2730 de
401 2688 473 2731 die
497 2689 751 2731 celebrandi
770 2690 999 2732 Paschatis

166 2750 263 2786 orta
279 2750 396 2787 esset
415 2747 652 2797 contentio,
673 2759 725 2788 ac
740 2747 896 2789 Victor
912 2748 999 2788 Ro-

602 205 672 239 Die
696 206 726 240 4.
751 206 857 240 Julii.
905 207 939 241 S.
967 208 1103 243 irenaei
1129 209 1256 252 Epise.
1283 214 1319 243 et
1343 209 1451 244 Mart.
1524 219 1528 223 ¹

1053 304 1208 343 manus
1224 299 1430 342 Pontifex
1443 300 1635 342 Asianos
1653 302 1890 354 episcopos

1054 358 1109 399 ab
1143 357 1325 407 collegis
1352 356 1533 408 reliquis
1567 357 1659 398 fere
1688 357 1890 400 omnibus

1055 413 1321 456 dissidentes
1346 418 1422 455 aut
1444 413 1748 466 prohibuisset
1776 426 1889 456 com-

1053 471 1260 512 munione
1279 471 1526 520 Sacrorum,
1551 475 1626 512 aut
1649 469 1890 523 prohibere

1053 528 1247 569 minatus
1279 532 1414 576 esset,
1447 539 1547 568 eum
1579 527 1792 578 Irenaeus‚
1825 541 1889 570 se-

1055 586 1234 636 quester
1248 584 1385 638 pacis,
1402 583 1610 626 decenter
1623 585 1803 636 monuit,
1819 597 1890 628 ex·

1055 641 1303 694 emplisque
1337 654 1443 682 usus
1470 641 1736 683 Pontificum
1763 654 1890 695 supe-

1054 698 1220 739 riorum
1244 697 1427 748 induxit,
1451 702 1500 739 ut
1518 710 1573 739 ne
1592 702 1660 739 tot
1681 697 1890 740 ecclesias

1055 754 1112 796 ob
1137 755 1279 805 ritum,
1306 767 1438 807 quem
1461 767 1487 796 a
1508 754 1749 806 majoribus
1768 767 1889 797 acce-

1053 813 1173 864 pisse
1194 825 1242 853 se
1262 811 1470 861 dicerent,
1496 810 1627 853 avelli
1645 811 1701 854 ab
1721 813 1889 854 unitate

945 882 999 910 ae·
1054 868 1272 910 catholica
1290 870 1530 921 pateretur.

1109 931 1160 983 R,
1187 924 1470 967 Desiderium
1503 925 1661 966 animae
1694 925 1786 977 eius
1817 925 1890 968 tri-

1053 982 1189 1025 buisti
1218 982 1259 1024 ei
1286 982 1493 1032 Domine,
1525 989 1547 1013 *
1579 982 1636 1023 Et
1663 981 1890 1025 voluntate

1054 1039 1275 1081 labiorum
1302 1039 1393 1091 ejus
1421 1051 1511 1080 non
1538 1037 1752 1081 fraudasti
1780 1051 1891 1080 eum.

1057 1094 1107 1146 V.
1122 1097 1341 1146 Quoniam
1358 1096 1614 1148 praevenisti
1634 1108 1735 1138 eum
1753 1096 1798 1136 in
1817 1095 1888 1138 be-

1054 1152 1380 1195 nedictionibus
1408 1152 1670 1194 dulcedinis:
1702 1153 1891 1205 posuisti

1053 1211 1098 1250 in
1126 1210 1272 1262 capite
1301 1211 1393 1260 eius
1422 1211 1633 1250 coronam
1659 1208 1714 1250 de
1741 1208 1890 1262 lapide

1054 1268 1266 1320 pretioso.
1293 1267 1363 1308 Et.

1359 1327 1512 1367 Lectio
1533 1327 1587 1367 vi.

1161 1381 1254 1423 ulta
1300 1381 1477 1434 scripsit
1524 1392 1624 1432 quae
1669 1378 1890 1422 Eusebius

1175 1438 1459 1479 Caesariensis
1480 1443 1524 1480 et
1543 1441 1720 1478 sanctus
1736 1436 1891 1478 Hiero-

1053 1508 1211 1547 nymus
1222 1497 1480 1545 memorant,
1497 1496 1776 1547 quornmque
1786 1505 1891 1546 pars

1053 1622 1161 1650 rum.
1194 1609 1385 1650 Exstant
1409 1610 1500 1661 ejus
1521 1607 1735 1650 adversus
1753 1605 1890 1648 haere-

1054 1678 1125 1707 ses
1142 1665 1243 1707 libri
1259 1665 1454 1718 quinque
1469 1677 1585 1707 anno
1601 1663 1777 1706 circiter
1792 1675 1891 1705 cen-

1052 1723 1212 1764 tesimo
1229 1722 1504 1773 octogesimo
1520 1720 1769 1774 perscripti,
1785 1719 1891 1762 dum

1053 1778 1199 1820 adhuc
1235 1778 1517 1821 Eleutherius
1561 1790 1655 1820 rem
1692 1776 1889 1819 christia-

1053 1849 1155 1877 nam
1185 1835 1411 1889 publicam
1442 1836 1628 1887 gereret.
1671 1834 1724 1875 In
1754 1833 1888 1876 tertio

1052 1893 1178 1944 libro,
1199 1893 1268 1935 vir
1287 1893 1372 1935 Dei
1396 1892 1452 1935 ab
1475 1893 1529 1934 iis
1554 1890 1751 1942 edoctus,
1777 1903 1890 1943 quos

1053 1950 1279 1992 auditores
1299 1954 1475 1992 constat
1494 1949 1629 1990 fuisse
1649 1947 1889 2001 Apostolo-

1053 2021 1167 2058 rum,
1199 2020 1333 2059 grave
1366 2007 1411 2048 in
1437 2006 1591 2059 primis
1617 2010 1751 2058 atque
1778 2017 1889 2058 prae-

1054 2065 1221 2106 clarum
1254 2064 1309 2106 de
1336 2064 1540 2105 Romana
1566 2062 1783 2112 Ecclesia,
1817 2060 1889 2103 de-

1054 2134 1139 2174 que
1166 2121 1281 2162 illius
1307 2121 1622 2174 episcoporum
1649 2118 1888 2160 successio-

1052 2191 1119 2229 ne,
1139 2178 1300 2221 divinae
1315 2177 1565 2219 traditionis
1582 2175 1713 2226 fideli,
1732 2176 1888 2228 perpe-

1051 2241 1143 2286 tua,
1177 2234 1423 2277 certissima
1454 2232 1659 2283 custode,
1691 2231 1888 2274 testimo-

1052 2293 1172 2334 nium
1197 2291 1318 2333 dixit.
1354 2291 1504 2343 Atque
1529 2289 1588 2332 ad
1610 2289 1742 2339 hanc,
1766 2287 1889 2338 dixit,

1052 2349 1300 2391 Ecclesiam
1323 2352 1510 2400 propter
1531 2346 1754 2400 potiorem
1773 2345 1888 2398 prin-

1054 2403 1343 2459 cipalitatem,
1389 2405 1572 2446 necesse
1609 2408 1678 2445 est
1714 2414 1890 2444 omnem

1054 2465 1289 2505 convenire
1319 2460 1568 2510 ecclesiam,
1599 2459 1686 2501 hoc
1714 2463 1782 2500 est
1811 2470 1889 2500 eos

1055 2520 1129 2572 qui
1158 2524 1259 2562 sunt
1286 2516 1482 2570 undique
1511 2516 1678 2558 fideles.
1714 2516 1889 2557 Postre-

1052 2589 1126 2618 mo
1146 2588 1233 2618 una
1253 2588 1353 2617 cum
1372 2574 1468 2616 aliis
1487 2586 1630 2626 prope
1644 2573 1889 2613 innumera-

1053 2633 1226 2683 bilibus,
1252 2645 1364 2685 quos
1388 2632 1485 2684 ipse
1510 2629 1567 2672 ad
1586 2642 1736 2671 veram
1755 2627 1888 2670 fidem

1053 2691 1312 2741 frugemque
1349 2687 1638 2752 perduxerat,
1677 2684 1887 2737 martyrio

1057 2747 1296 2788 coronatus
1310 2744 1515 2795 migravit
1528 2743 1572 2784 in
1587 2742 1758 2793 coelum,
1773 2753 1887 2782 anno
