2040 2976
210 220 283 256 180

559 214 658 247 Int'ra
687 214 978 247 llebd‹i›mach1m
1007 214 1055 247 iii.
1083 219 1171 257 post
1197 214 1275 249 Oct.
1302 214 1560 249 I'entccostes.

209 316 271 365 git
297 314 525 362 Dominus,
555 314 760 366 quoniam
785 327 873 355 non
899 314 956 355 sit
981 316 1032 354 si-

209 371 321 411 milis
348 371 410 411 illi
437 371 481 411 in
510 371 629 412 omni
653 370 833 423 populo.
869 370 926 411 Et
951 370 1032 411 cla-

210 427 343 468 mavit
363 427 502 468 omnis
521 427 724 480 populus,
745 432 788 468 et
807 427 881 468 ait:
900 426 1034 468 Vivat

208 496 295 525 rex.

257 542 307 593 R.
335 540 566 582 Exaudisti
583 541 770 582 Domine
791 541 1033 582 orationem

209 597 324 638 servi
347 597 429 646 tui,
458 603 505 639 ut
530 596 796 639 aedificarem
822 596 1033 650 templum

208 653 373 695 nomini
399 659 494 695 tuo:
515 654 536 677 *
568 653 779 703 Benedic,
808 659 851 695 et
879 655 1032 695 sancti-

208 709 291 750 fica
310 708 489 751 domum
507 710 635 751 istam
650 711 693 751 in
708 710 1032 763 sempiternum,

209 766 331 807 Deus
358 766 505 808 Israel.
545 762 595 814 Y.
627 767 830 817 Domine,
861 767 936 818 qui
963 779 1032 808 cu-

209 822 349 864 stodis
370 829 547 876 pactum
567 837 666 866 cum
685 824 821 865 servis
841 823 938 872 tuis,
960 823 1034 875 qui

209 879 433 922 ambulant
462 894 610 922 coram
639 886 682 922 te
708 881 750 921 in
775 885 871 922 toto
898 878 1032 921 corde

209 949 300 977 suo.
328 936 531 979 Benedic.

503 993 654 1035 Lectio
675 993 731 1033 iii.

205 1045 429 1150 Locutus
452 1056 519 1092 est
538 1056 683 1092 autem
698 1050 871 1092 Samuel
887 1051 943 1092 ad
958 1053 1033 1104 po—

305 1107 455 1159 pulum
475 1107 616 1158 legem
635 1108 771 1158 regni,
796 1113 839 1149 et
859 1107 1034 1160 scripsit

209 1164 252 1205 in
271 1164 402 1213 libro,
431 1170 474 1206 et
498 1166 694 1217 reposuit
717 1178 865 1207 coram
884 1165 1034 1206 Domi-

209 1233 282 1269 no,
311 1226 354 1262 et
378 1220 540 1262 dimisit
563 1221 737 1262 Samuel
761 1234 935 1263 omnem
958 1223 1034 1274 po-

209 1277 375 1329 pulum,
411 1277 604 1328 singulos
629 1278 672 1318 in
696 1277 875 1319 domum
899 1291 1033 1319 suam.

209 1332 294 1374 Sed
321 1339 363 1375 et
382 1334 483 1375 Saul
508 1333 615 1375 abiit
638 1334 681 1374 in
707 1334 886 1376 domum
911 1347 1034 1376 suam

209 1390 252 1430 in
273 1390 438 1432 Gabaa:
462 1396 505 1432 et
524 1390 629 1432 abiit
649 1404 747 1432 cum
767 1404 820 1432 eo
840 1404 944 1444 pars
964 1404 1034 1432 ex-

210 1447 388 1495 ercitus,
435 1459 619 1499 quorum
664 1450 868 1498 tetigerat
912 1448 1034 1489 Deus

210 1501 355 1543 corda.
392 1503 489 1543 Filii
518 1515 621 1544 vero
649 1503 788 1544 Belial
817 1503 1034 1545 dixerunt:

208 1558 325 1599 Num
350 1559 520 1600 salvare
546 1572 626 1601 nos
650 1561 814 1612 poterit
839 1560 944 1602 iste?
978 1561 1035 1602 Et

211 1614 506 1667 despexerunt
538 1629 653 1665 eum,
687 1622 730 1659 et
762 1630 848 1659 non
881 1617 1034 1659 attule-

211 1678 310 1713 runt
330 1672 369 1713 ei
388 1676 581 1714 munera:
609 1673 682 1715 ille
708 1687 812 1716 vero
838 1675 1034 1716 dissimu-

210 1729 329 1770 labat
349 1743 394 1770 se
414 1730 574 1772 audire.

260 1785 309 1836 Rg.
356 1785 472 1827 Audi
509 1787 695 1828 Domine
731 1787 954 1840 hymnum,
991 1794 1035 1831 et

212 1842 468 1891 orationem,
496 1855 627 1894 quam
647 1857 798 1885 servus
818 1850 918 1886 tuus
939 1850 1035 1887 orat

212 1910 359 1939 coram
386 1904 429 1940 te
458 1898 602 1940 hodie:
640 1906 687 1942 ut
715 1901 800 1942 sint
828 1901 943 1943 oculi
971 1902 1035 1944 tui

212 1955 368 2006 aperti,
393 1960 435 1996 et
455 1969 581 1997 aures
600 1962 687 1998 tuae
706 1957 899 2008 intentae,
912 1956 935 1981 *
959 1960 1034 2001 Su-

207 2023 290 2104 xpler
327 2009 504 2052 domum
541 2013 668 2054 istam
707 2013 778 2055 die
811 2028 862 2056 ac
892 2021 1035 2057 nocte.

214 2077 227 2110 ,¹
250 2096 257 2103 .
282 2067 469 2119 Respice
494 2068 681 2111 Domine
706 2070 761 2112 de
785 2072 1034 2114 sanctuario

212 2128 304 2171 tuo,
334 2129 377 2164 et
401 2124 456 2166 de
480 2125 654 2167 excelso
679 2126 893 2168 coelorum
917 2127 1034 2170 habi-

212 2179 370 2220 taculo.
393 2180 543 2232 Super.
566 2180 717 2223 Gloria
732 2183 862 2224 Patri.
884 2183 1035 2237 Super.

259 2237 521 2280 Responsoria
547 2240 658 2280 huius
683 2242 728 2276 ΙΙ,
752 2243 875 2276 Feriae
900 2243 1030 2277 dicun-

208 2289 267 2318 tur
292 2285 329 2319 in
355 2287 532 2320 omnibus
559 2291 738 2323 secundis
762 2291 884 2324 Feriis
908 2300 1029 2334 usque

208 2333 257 2366 ad
280 2333 389 2368 Dom.
415 2334 440 2367 1.
465 2336 640 2378 Augusti.

430 2445 589 2480 Feria
621 2445 821 2484 Tertia.

344 2502 413 2542 De
434 2501 545 2543 libro
566 2503 707 2555 primo
726 2505 907 2556 Regum.

312 2566 460 2607 Lectio
481 2568 503 2607 i.
749 2570 850 2621 Cap.
872 2572 927 2611 12.

222 2635 386 2682 =,·„2†1x1t
415 2634 561 2670 autem
586 2630 760 2671 Samuel
790 2631 846 2672 ad
870 2632 1035 2672 univer-

276 2700 298 2722 εκ
327 2699 422 2726 sum
456 2686 605 2726 Israel:
637 2686 752 2728 Ecce
783 2686 930 2728 audivi
962 2701 1035 2729 vo-

213 2755 307 2783 cem
325 2748 517 2785 vestram
543 2743 661 2794 juxta
686 2744 829 2784 omnia
857 2756 955 2796 quae
974 2744 1034 2786 lo-

1087 312 1176 354 cuti
1195 312 1300 354 estis
1320 311 1377 353 ad
1393 324 1475 362 me,
1494 316 1539 354 et
1557 312 1762 354 constitui
1781 325 1913 366 super

1086 382 1167 410 vos
1191 381 1351 420 regem.
1393 369 1451 410 Et
1474 381 1590 411 nunc
1614 381 1693 411 rex
1715 369 1914 421 graditur

1087 431 1188 467 ante
1211 438 1306 467 vos:
1340 437 1423 476 ego
1448 430 1595 468 autem
1619 426 1758 476 senui,
1785 431 1829 468 et
1852 426 1913 467 in·

1087 482 1230 524 canui:
1271 494 1406 535 porro
1445 481 1524 523 filii
1560 482 1647 524 mei
1685 482 1915 524 vobiscum

1086 545 1200 581 sunt:
1244 541 1394 591 itaque
1439 541 1723 581 conversatus
1765 552 1915 582 coram

1085 595 1214 637 vobis
1242 595 1298 637 ab
1327 595 1627 637 adolescentia
1652 608 1751 638 mea
1773 609 1914 649 usque

1086 651 1143 694 ad
1170 652 1282 694 hanc
1311 652 1442 702 diem,
1481 665 1586 694 ecce
1612 658 1778 705 praesto
1809 666 1915 696 sum.

1086 709 1337 761 Loquimini
1362 708 1418 750 de
1441 722 1512 750 me
1538 721 1687 750 coram
1712 709 1916 760 Domino,

1087 770 1130 807 et
1157 778 1307 807 coram
1333 765 1508 807 Christo
1535 766 1643 817 ejus,
1670 771 1817 809 utrum
1838 766 1914 809 bo-

1085 835 1185 863 vem
1212 824 1469 874 cujusquam
1495 822 1689 874 tulerim,
1727 828 1803 865 aut
1834 823 1915 865 asi·

1086 892 1203 920 num:
1249 879 1286 920 si
1332 878 1582 932 quempiam
1626 879 1915 922 calumniatus

1087 948 1201 985 sum,
1239 936 1277 976 si
1309 935 1513 988 oppressi
1548 935 1755 988 aliquem,
1790 937 1828 978 si
1860 936 1915 979 de

1085 1005 1217 1034 manu
1236 993 1491 1044 cujusquam
1510 1005 1667 1034 munus
1686 993 1851 1046 accepi:
1871 998 1916 1035 et

1086 1051 1363 1091 contemnam
1380 1047 1488 1090 illud
1506 1047 1652 1099 hodie,
1671 1049 1915 1092 restituam-

1088 1118 1173 1158 que
1205 1106 1344 1149 vobis.
1398 1106 1455 1147 Et
1486 1103 1704 1148 dixerunt:
1735 1106 1838 1149 Non
1869 1119 1916 1149 es

1087 1162 1375 1205 calumniatus
1399 1176 1498 1214 nos,
1527 1175 1672 1216 neque
1697 1166 1916 1217 oppressi-

1087 1219 1157 1269 sti,
1182 1232 1325 1273 neque
1349 1220 1487 1263 tulisti
1511 1221 1566 1264 de
1584 1234 1717 1263 manu
1735 1219 1916 1272 alicujus

1088 1276 1325 1329 quippiam.
1351 1277 1562 1332 Dixitque
1581 1277 1638 1320 ad
1657 1290 1750 1319 eos:
1769 1275 1916 1318 Testis

1088 1338 1155 1374 est
1173 1333 1388 1375 Dominus
1412 1334 1646 1377 adversum
1665 1347 1762 1384 VOS,
1789 1338 1833 1376 et
1854 1338 1916 1375 te-

1088 1389 1166 1431 stis
1186 1389 1387 1432 Christus
1410 1392 1502 1444 ejus
1526 1392 1570 1433 in
1595 1390 1666 1433 die
1690 1391 1788 1441 hac,
1815 1389 1917 1442 quia

1087 1459 1175 1488 non
1194 1447 1446 1490 inveneritis
1464 1449 1508 1490 in
1526 1461 1658 1490 manu
1675 1460 1775 1490 mea
1795 1449 1916 1500 quip-

1087 1504 1216 1556 piam.
1244 1504 1301 1545 Et
1321 1503 1538 1547 dixerunt:
1565 1504 1723 1547 Testis.

1136 1561 1187 1614 Rz.
1223 1561 1427 1611 Domine,
1455 1561 1492 1603 si
1519 1562 1759 1603 conversus
1787 1559 1917 1602 fuerit

1086 1617 1278 1670 populus
1301 1622 1419 1669 tuus,
1448 1623 1492 1660 et
1519 1617 1711 1660 oraverit
1738 1617 1795 1659 ad
1822 1630 1916 1659 san-

1088 1674 1302 1715 ctuarium
1327 1679 1465 1715 tuum:
1486 1673 1510 1698 *
1532 1674 1602 1715 Tu
1626 1673 1836 1716 exaudies
1861 1673 1916 1716 de

1087 1730 1202 1772 coelo
1219 1731 1417 1781 Domine,
1437 1735 1481 1772 et
1499 1730 1638 1773 libera
1657 1743 1735 1772 eos
1755 1729 1810 1772 de
1827 1732 1916 1772 ma-

1087 1786 1215 1828 nibus
1247 1787 1523 1829 inimicorum
1555 1789 1744 1829 suorum.
1788 1780 1838 1833 V.
1871 1787 1917 1829 Si

1086 1844 1338 1896 peccaverit
1365 1844 1410 1884 in
1438 1848 1483 1886 te
1510 1843 1703 1897 populus
1726 1847 1844 1894 tuus,
1873 1849 1917 1886 et

1087 1902 1327 1941 conversus
1347 1901 1486 1952 egerit
1502 1900 1822 1954 poenitentiam,
1845 1913 1917 1942 ve-

1086 1957 1298 2009 niensque
1315 1957 1509 1999 oraverit
1525 1957 1569 1998 in
1589 1957 1675 1998 isto
1694 1956 1806 1999 loeo.
1837 1957 1917 1999 Tu.

1393 2012 1545 2055 Lectio
1565 2013 1604 2053 ii.

1164 2074 1183 2112 t
1208 2070 1268 2112 ait
1290 2070 1466 2111 samuel
1490 2069 1547 2112 ad
1571 2070 1800 2123 populum:
1827 2071 1915 2112 Do-

1178 2127 1322 2168 minus
1347 2128 1422 2180 qui
1445 2127 1548 2169 fecit
1565 2127 1750 2180 Moysen
1770 2132 1814 2169 et
1833 2128 1916 2169 Aa-

1087 2196 1183 2233 ron,
1217 2188 1261 2225 et
1293 2183 1445 2225 eduxit
1474 2188 1624 2236 patres
1654 2189 1833 2226 nostros
1860 2183 1916 2226 de

1087 2240 1225 2281 Terra
1255 2240 1449 2292 AEgy‘pti.
1494 2240 1623 2282 Nunc
1655 2253 1760 2291 ergo
1792 2245 1916 2291 state,

1088 2301 1135 2338 ut
1175 2296 1335 2348 judicio
1378 2296 1641 2338 contendam
1683 2296 1917 2339 adversum

1087 2365 1168 2394 vos
1206 2365 1356 2394 coram
1387 2353 1580 2394 Domino
1619 2351 1675 2395 de
1714 2352 1916 2395 omnibus

1087 2408 1400 2450 misericordiis
1434 2409 1630 2459 Domini,
1673 2422 1782 2462 quas
1813 2409 1917 2451 fecit

1088 2465 1326 2514 vobiscum,
1347 2470 1390 2507 et
1410 2479 1509 2507 cum
1525 2465 1727 2518 patribus
1741 2466 1916 2507 vestris:

1089 2522 1314 2573 quomodo
1342 2522 1481 2564 Jacob
1514 2522 1736 2573 ingressus
1772 2527 1838 2564 est
1872 2522 1915 2563 in

1090 2578 1346 2631 AEgyptum,
1375 2584 1418 2620 et
1443 2579 1740 2620 clamaverunt
1765 2583 1915 2632 patres

1088 2635 1222 2675 vestri
1249 2634 1306 2676 ad
1331 2635 1585 2677 Dominum:
1614 2641 1658 2677 et
1683 2635 1803 2676 misit
1826 2635 1914 2676 Do-

1087 2690 1227 2731 minus
1250 2691 1433 2744 Moysen
1452 2697 1496 2733 et
1515 2692 1676 2740 Aaron,
1702 2695 1745 2732 et
1764 2690 1916 2732 eduxit

1087 2750 1235 2797 patres
1255 2753 1427 2789 vestros
1447 2747 1502 2789 de
1521 2748 1734 2800 AEgypto:
1761 2752 1805 2789 et
1829 2746 1915 2788 col-
