2040 2976
523 202 593 236 Dic
617 202 646 235 6.
673 202 770 244 Aug.

211 298 268 339 Ut
287 297 502 339 exhilaret
522 297 678 339 faciem
703 298 746 338 in
766 297 880 339 oleo:
900 299 923 323 *
944 301 987 338 et

156 354 283 407 panis
306 367 382 396 cor
401 354 590 395 hominis
610 354 850 396 confirmet.

207 410 527 453 Saturabuntur
546 410 663 462 ligna
682 411 837 463 campi,
857 415 900 452 et
920 422 986 451 ce-

158 466 226 508 dri
252 467 426 514 Libani,
460 479 569 518 quas
593 467 823 519 plantavit:
848 468 871 492 *
897 466 987 506 illic

156 526 360 576 passeres
379 523 678 566 nidificabunt.

210 579 394 622 Herodii
422 579 581 621 domus
610 579 699 621 dux
728 585 794 621 est
820 581 986 621 eorum:

158 638 181 663 *
201 642 374 678 montes
402 636 563 678 excelsi
589 637 744 678 cervis:
772 641 899 721 petra
923 647 986 676 re-

157 693 322 743 fugium
341 693 584 734 herinaciis.

209 750 332 791 Fecit
363 749 511 791 lunam
543 750 587 790 in
618 753 834 802 tempora:
862 751 884 775 *
920 747 986 789 sol

158 807 365 857 cognovit
384 808 590 847 occasum
610 820 747 848 suum.

208 863 400 903 Posuisti
432 863 653 912 tenebras,
695 868 738 904 et
770 862 886 903 facta
919 867 987 904 est

158 932 260 960 nox:
276 920 357 960 *in
375 921 471 972 ipsa
487 920 815 972 pertransibunt
834 932 986 960 omnes

157 975 312 1018 bestiae
336 977 468 1018 silvae.

212 1033 353 1074 Catuli
368 1033 543 1074 leonum
558 1034 791 1084 rugientes,
811 1037 859 1074 ut
874 1033 986 1085 rapi-

158 1094 242 1138 ant,
257 1091 281 1116 *
297 1094 340 1130 et
360 1095 558 1141 quaerant
573 1103 597 1131 a
611 1090 708 1131 Deo·
726 1102 872 1131 escam
893 1089 985 1131 sibi.

212 1145 344 1187 Ortus
365 1151 431 1187 est
447 1146 524 1195 sol,
544 1152 587 1188 et
602 1146 856 1197 congregati
872 1151 985 1187 sunt:

158 1203 181 1228 *
196 1207 239 1243 et
251 1201 293 1242 in
308 1201 522 1243 cubilibus
537 1203 626 1243 suis
643 1202 987 1244 collocabantur.

209 1258 357 1300 Exibit
376 1258 508 1300 homo
529 1259 585 1300 ad
605 1272 717 1312 opus
737 1273 878 1300 suum:
898 1261 921 1286 *
942 1265 986 1301 et

158 1314 214 1356 ad
254 1315 555 1367 operationem
593 1329 716 1357 suam
752 1329 892 1368 usque
930 1315 986 1357 ad

158 1384 401 1424 vesperum.

211 1428 350 1478 Quam
392 1429 671 1478 magnificata
714 1433 814 1470 sunt
851 1431 987 1481 opera

158 1489 233 1525 tua
258 1484 461 1526 Domine!
482 1487 505 1512 *
531 1486 677 1526 omnia
702 1486 745 1526 in
772 1486 987 1538 sapientia

158 1541 315 1582 fecisti:
349 1541 529 1594 impleta
562 1547 629 1583 est
660 1547 778 1583 terra
811 1555 985 1595 posses-

159 1597 280 1638 sione
300 1602 385 1638 tua.

209 1654 309 1695 Hoc
341 1667 459 1695 mare
492 1668 711 1706 magnum,
747 1660 791 1697 et
824 1657 986 1709 spatio-

159 1723 255 1751 sum
274 1710 490 1752 manibus:
509 1714 532 1738 *
552 1712 640 1753 illic
659 1713 851 1765 reptilia,
881 1726 986 1765 quo-

159 1779 255 1807 rum
274 1779 361 1808 non
381 1772 448 1809 est
466 1771 682 1810 numerus.

211 1823 429 1864 Animalia
454 1825 612 1876 pusilla
638 1839 737 1867 cum
762 1827 944 1878 magnis:
963 1827 986 1852 *

160 1880 249 1921 illie
268 1893 402 1923 naves
422 1882 758 1934 pertransibunt.

211 1937 355 1978 Draco
376 1939 473 1988 iste,
499 1951 628 1991 quem
647 1940 845 1982 formasti
866 1940 922 1986 ad
941 1940 987 1981 il—

160 1992 397 2035 ludendum
425 1995 478 2036 ei:
498 1997 520 2021 *
542 1996 687 2037 omnia
713 2009 738 2037 a
763 2002 808 2038 te
834 1999 986 2050 exspe-

161 2054 280 2090 ctant
297 2056 344 2091 ut
359 2052 436 2092 des
453 2052 538 2093 illis
554 2065 701 2093 escam
719 2053 762 2093 in
777 2055 987 2107 tempore.

211 2105 354 2148 Dante
380 2113 423 2149 te
452 2107 551 2157 illis,
588 2109 807 2178 colligent:
835 2111 858 2135 *
887 2123 986 2175 ape-

161 2162 298 2203 riente
322 2168 365 2204 te
388 2177 563 2205 manum
580 2171 719 2216 tuam,
748 2167 892 2208 omnia
912 2167 987 2208 im-

161 2218 397 2271 plebantur
417 2220 623 2262 bonitate.

215 2276 454 2318 Avertente
479 2283 623 2319 autem
641 2283 685 2320 te
705 2279 875 2330 faciem,
900 2286 988 2322 tur-

162 2331 395 2373 babuntur:
426 2335 449 2358 *
483 2335 652 2375 aaseres
685 2337 886 2387 spiritum
918 2340 988 2379 eo-

162 2401 274 2437 rum,
303 2394 346 2430 et
373 2389 593 2440 deficient,
623 2396 666 2432 et
693 2392 737 2431 in
762 2393 989 2444 polverem

163 2457 288 2485 suum
307 2447 589 2487 revertentur.

214 2500 400 2543 Emittes
426 2502 625 2553 spiritum
644 2509 783 2553 tuum,
810 2510 853 2546 et
873 2519 988 2547 crea-

162 2557 341 2599 buntur:
385 2559 408 2583 *
458 2564 501 2599 et
551 2560 784 2601 renovabis
834 2562 990 2603 faciem

161 2619 301 2655 terrae.

213 2670 276 2712 Sit
299 2670 440 2721 gloria
458 2672 636 2712 Domini
659 2673 702 2712 in
726 2674 948 2715 saeculum:
966 2676 989 2700 *

161 2726 381 2768 laetabitur
401 2728 494 2768 Dfis
518 2728 562 2768 in
582 2729 789 2781 operibus
810 2731 914 2771 suis:

819 201 860 234 In
887 198 1243 242 Transfiguratione
1270 196 1312 230 D.
1338 196 1383 230 N.
1407 195 1439 230 J.
1467 195 1506 230 C.

1093 295 1177 345 Qui
1195 294 1378 347 respicit
1395 299 1569 342 terram,
1589 298 1632 335 et
1651 292 1755 334 facit
1774 305 1872 334 eam

1038 354 1243 394 tremere:
1271 352 1294 377 *
1323 351 1398 403 qui
1429 350 1569 401 tangit
1599 354 1791 399 montes,
1826 353 1871 391 et

1039 408 1261 459 fumigant.

1093 465 1293 507 Cantabo
1319 464 1512 506 Domino
1537 464 1582 504 in
1604 463 1694 505 vita
1715 475 1828 505 mea:
1847 464 1870 488 *

1038 522 1226 575 psallam
1244 522 1342 563 Deo
1363 533 1462 562 meo
1483 520 1694 573 quamdiu
1712 533 1820 561 sum.

1090 578 1339 620 Jucundum
1372 578 1430 619 sit
1463 577 1502 619 ei
1534 576 1758 629 eloquium
1783 589 1870 618 me-

1039 649 1127 677 um:
1146 636 1169 661 *
1190 648 1273 686 ego
1298 647 1405 677 vero
1432 632 1690 676 delectabor
1714 633 1759 674 in
1781 633 1870 674 Do-

1038 693 1170 734 mino.
1577 715 1582 718 <

1090 749 1311 790 Deficiant
1336 750 1596 801 peccatores
1620 761 1644 789 a
1667 753 1800 798 terra,
1829 753 1872 790 et

1038 806 1175 858 iniqui
1206 806 1348 847 itaut
1380 817 1468 846 non
1502 805 1603 847 sint:
1631 806 1655 832 *
1685 804 1873 847 benedic

1040 863 1185 904 anima
1202 875 1300 904 mea
1319 863 1522 903 Domino.

1094 928 1194 968 Ant.
1224 924 1556 968 Confessionem
1589 928 1633 965 et
1666 922 1873 965 decorem

1038 981 1194 1031 induit,
1219 983 1405 1023 amictus
1430 980 1592 1022 lumine
1613 981 1725 1023 sicut
1743 981 1871 1024 vesti-

1039 1039 1199 1080 mento.

1094 1095 1145 1147 V.
1165 1099 1324 1150 Magna
1344 1104 1412 1141 est
1430 1099 1569 1151 gloria
1587 1100 1678 1152 ejus
1698 1100 1741 1140 in
1761 1098 1872 1140 salu-

1039 1155 1123 1197 tari
1150 1160 1238 1197 tuo.
1288 1158 1339 1211 R.
1371 1156 1569 1198 Gloriam
1597 1161 1641 1198 et
1666 1169 1872 1208 magnum

1040 1212 1247 1254 decorem
1265 1213 1466 1265 impones
1486 1226 1620 1266 super
1640 1226 1750 1255 eum.

1047 1287 1205 1328 Lectio
1227 1287 1369 1328 sancti
1382 1286 1611 1337 Evangelii
1629 1286 1874 1328 secandum

1323 1343 1595 1385 Matthaeum.

1145 1404 1297 1447 Lectio
1318 1404 1387 1445 vii.
1596 1402 1700 1456 Cap.
1714 1402 1772 1443 17.

1087 1479 1116 1505 n
1135 1465 1210 1507 illo
1230 1467 1446 1519 tempore:
1471 1467 1726 1519 Assumpsit
1744 1467 1770 1507 J
1773 1479 1873 1508 esus

1113 1522 1309 1573 Petrum,
1340 1528 1383 1565 et
1411 1523 1645 1573 Jacobum‚
1673 1528 1717 1565 et
1744 1524 1873 1565 Joan-

1039 1591 1154 1629 nem,
1187 1579 1368 1620 fratrem
1396 1580 1504 1631 ejus,
1539 1585 1583 1621 et
1617 1579 1742 1621 duxit
1773 1579 1874 1621 illos

1040 1635 1083 1676 in
1110 1641 1306 1677 montem
1333 1636 1556 1677 excelsum
1585 1638 1801 1678 seorsum:
1830 1642 1875 1678 et

1039 1692 1376 1743 transfiguratus
1420 1698 1487 1735 est
1526 1698 1627 1735 ante
1668 1706 1757 1736 eos.
1816 1694 1874 1736 Et

1040 1749 1219 1802 reliqua.

1177 1823 1368 1866 Homilia
1395 1824 1537 1865 sancti
1564 1824 1590 1865 J
1592 1825 1744 1866 oannis

1301 1879 1618 1933 Chrysostomi.

1149 1943 1292 1978 Homil.
1316 1943 1369 1978 57.
1394 1942 1433 1977 in
1456 1942 1602 1985 Matth.‚
1626 1942 1667 1977 in
1690 1942 1771 1977 init.

1045 1993 1344 2038 Quoniam
1384 1994 1523 2036 multa
1560 1994 1615 2036 de
1651 1995 1873 2048 periculis,

1040 1995 1164 2142 [Q
1183 2051 1321 2093 multa
1337 2050 1392 2093 de
1406 2052 1613 2104 passione
1629 2065 1718 2102 sua,
1736 2051 1875 2094 multa

1184 2107 1239 2150 de
1266 2114 1411 2149 morte
1440 2114 1484 2150 et
1512 2108 1567 2150 de
1596 2107 1719 2150 caede
1748 2108 1875 2150 disci-

1041 2165 1247 2218 pulorum
1273 2165 1449 2206 locutus
1477 2170 1545 2206 est
1570 2166 1803 2207 Dominus:
1832 2170 1876 2207 et

1042 2225 1201 2274 aspera
1229 2222 1458 2274 complura
1485 2228 1617 2275 atque
1647 2221 1786 2264 ardua
1813 2223 1875 2264 eis

1042 2279 1235 2330 injunxit,
1256 2285 1299 2320 et
1319 2279 1393 2320 illa
1415 2278 1593 2331 quidem
1608 2280 1651 2320 in
1666 2279 1876 2332 praesenti

1042 2336 1141 2385 vita,
1159 2341 1203 2377 et
1217 2337 1302 2388 jam
1316 2336 1616 2387 imminebant3
1635 2336 1753 2378 bona
1767 2349 1874 2378 vero

1041 2393 1085 2433 in
1113 2405 1193 2446 spe
1223 2398 1266 2434 et
1295 2393 1627 2446 exspectatione
1657 2398 1797 2435 erant:
1827 2398 1876 2435 ut

1041 2455 1160 2502 puta,
1177 2449 1278 2502 quia
1295 2452 1521 2492 servarent
1537 2451 1726 2491 animam
1741 2462 1875 2503 suam,

1042 2507 1078 2547 si
1110 2505 1347 2559 perderent
1380 2519 1491 2557 eam3
1525 2507 1627 2560 quia
1659 2507 1703 2547 in
1734 2506 1876 2557 gloria

1041 2563 1184 2604 Patris
1209 2563 1275 2604 sui
1295 2566 1506 2605 ventarus
1527 2564 1599 2613 sit,
1626 2568 1669 2605 et
1692 2563 1875 2616 praemia

1042 2619 1309 2662 redditurus:
1328 2626 1376 2662 ut
1394 2622 1491 2662 visu
1511 2621 1643 2662 etiam
1662 2620 1875 2662 certiores

1042 2677 1222 2726 faceret,
1249 2683 1292 2719 et
1312 2677 1568 2719 ostenderet
1589 2676 1798 2729 quidnam
1819 2677 1875 2718 sit

1042 2733 1115 2774 illa
1139 2734 1296 2785 gloria,
1326 2747 1426 2775 cum
1451 2746 1537 2786 qua
1560 2737 1771 2775 venturus
1796 2739 1875 2784 est,
