2040 2976
668 183 780 216 Feria
807 182 976 215 secunda
1002 182 1049 215 ad
1076 182 1313 216 Matutinum.

190 273 239 323 V.
266 277 457 318 Domine
481 277 603 318 Deus
631 276 842 317 virtutum
868 289 967 317 con-

136 335 258 374 verte
292 346 385 374 nos.
431 336 479 387 Ην.
509 333 567 374 Et
599 331 783 373 ostende
811 332 969 373 faciem

136 394 267 439 tuam,
297 394 340 430 et
369 389 478 430 salvi
507 389 678 429 arimus.

187 442 238 493 V.
265 445 468 496 Exsurge
489 444 671 494 Christe,
700 444 857 496 adjuva
875 457 968 485 nos.

135 503 185 554 R.
214 502 272 543 Et
305 501 444 543 libera
477 513 558 542 nos
593 505 776 553 propter
808 512 968 541 nomen

136 561 270 598 tuum.

187 608 238 659 Y.
284 614 472 655 Domine
519 612 679 654 exaudi
724 613 968 654 orati6nem

136 683 291 711 meam.
323 670 372 721 Ru
404 670 462 711 Et
494 669 660 711 clamor
687 681 811 710 meus
839 669 896 710 ad
923 674 967 710 te

135 726 293 767 vaniat.

187 775 237 827 V.
283 782 499 823 Dominus
536 780 775 822 vobiscum.
821 783 871 834 Rg.
911 782 968 823 Et

137 851 236 879 cum
256 838 412 890 spiritu
429 843 517 879 tuo.

179 898 311 934 Oratio
331 901 576 935 conveniens.

178 951 294 995 vesp.
330 952 368 985 in
392 952 501 987 Dom.
533 958 569 987 et
599 953 637 986 in
663 953 745 987 Fer.
774 952 964 986 habentur
1024 955 1137 979 ἐ*

134 998 294 1033 inferius
313 1004 405 1043 post
421 1000 575 1035 Laudes
592 1000 762 1035 Sabbati.

468 1068 636 1094 4⁴33*-

137 1143 284 1184 Feria
310 1145 531 1186 secunda
557 1145 622 1185 ad
646 1145 966 1186 matutinum.

190 1215 318 1255 Pater
338 1220 499 1256 noster.
526 1217 619 1257 Ave
637 1215 787 1256 Maria.
810 1215 967 1257 Credo.

186 1266 236 1317 V.
258 1270 446 1312 Domine
464 1271 580 1313 labia
598 1284 697 1312 mea
716 1272 897 1323 aperies.
918 1279 964 1313 ut

135 1327 513 1446 sufdssitgtVenite,
537 1385 559 1408 *
575 1383 856 1425 Exsultemus
879 1383 966 1424 Do-

135 1450 264 1534 mllglg.
291 1494 527 1552 Jubilemus
550 1496 648 1537 Deo
683 1496 863 1537 salutari
892 1509 966 1537 no-

135 1554 240 1591 stro.
268 1556 315 1592 ut
335 1563 478 1603 supra.
507 1552 544 1593 2.

440 1621 652 1671 Hymnus.

304 1692 435 1721 omno
463 1681 638 1722 refectis
670 1681 862 1731 artubus,

317 1736 476 1788 Spreto
493 1736 625 1778 cubili
639 1738 872 1788 surgimus:

225 1790 377 1841 Nobis,
394 1792 537 1842 Pater,
554 1793 810 1835 canentibus

226 1847 399 1889 Adesse
419 1853 463 1889 te
485 1848 776 1901 deposcimus.

173 1917 238 1958 Te
256 1915 403 1967 lingua
420 1917 611 1969 primum
632 1919 844 1968 concinat,

225 1971 290 2013 Te
307 1973 466 2014 mentis
486 1973 620 2015 ardor
640 1974 821 2016 ambiat:

225 2027 286 2069 Ut
303 2030 479 2070 actuum
499 2031 775 2082 sequentium

225 2083 305 2134 Tu,
329 2089 490 2134 sancte,
510 2086 570 2126 sis
592 2085 832 2127 exordium.

174 2152 345 2194 Cedant
362 2153 557 2196 tenebrae
577 2154 739 2205 lamini,

226 2208 283 2250 Et
301 2221 390 2250 nox
408 2209 564 2251 diurno
586 2210 729 2261 sideri,

224 2263 284 2306 Ut
303 2265 432 2318 culpa
452 2279 583 2318 quam
599 2279 688 2308 nox
708 2267 862 2317 intulit,

223 2319 354 2361 Lucis
373 2319 570 2363 labascat
588 2326 779 2364 munere.

172 2388 408 2430 Precamur
426 2388 559 2431 iidem
579 2391 812 2443 supplices,

225 2443 377 2485 Noxas
396 2449 444 2486 ut
463 2458 614 2488 omnes
635 2449 845 2499 amputes,

224 2499 282 2541 Et
301 2512 377 2541 ore
396 2505 440 2541 te
461 2503 706 2544 canentium

225 2555 437 2597 Laudaris
458 2558 576 2598 omni
594 2560 805 2611 tempore.

174 2624 350 2674 Praesta,
369 2625 500 2667 Pater
519 2626 723 2678 piissime,

223 2680 431 2732 Patrique
452 2693 632 2733 compar
650 2682 798 2732 Unice,

1113 276 1223 329 Cum
1241 277 1406 328 Spiritu
1423 278 1643 320 Paraclito

1111 332 1318 382 Regnans
1352 346 1432 385 per
1466 347 1596 375 omne
1631 334 1851 376 saeculum.

1333 389 1485 431 Amen.

1072 463 1299 497 Invitatoria
1333 473 1402 505 per
1431 462 1564 496 Fcrias
1598 463 1777 496 dicuntur
1812 463 1846 496 in

1020 511 1142 545 feriali
1175 511 1311 545 Officio
1344 511 1391 543 ab
1426 513 1571 544 Octava
1600 511 1848 544 pentecostes

1018 570 1142 602 usque
1162 559 1209 592 ad
1228 559 1459 592 Adventum.
1503 559 1644 601 Hymni
1663 569 1753 592 vcro
1772 564 1846 592 tan]

1020 607 1067 640 ad
1088 607 1315 641 Matutinum
1334 617 1449 649 quam
1468 607 1515 640 ad
1533 606 1652 639 Laud.
1673 612 1707 639 ct
1724 607 1849 649 chp„

1019 659 1055 688 ct
1080 655 1167 688 Ant.
1194 655 1493 690 Nocturnorum,
1520 659 1559 687 ut
1585 654 1692 686 infra.

1072 712 1170 751 Ant.
1199 710 1414 750 D6minus
1443 709 1658 751 defensor,

1291 775 1489 815 Psahnus
1510 776 1575 814 26.

1151 839 1320 880 ominus
1356 839 1615 881 illuminatio
1651 853 1768 890 mea,
1808 846 1851 882 et

1030 902 1031 906 ’
1134 940 1136 945 f
1166 895 1283 936 salus
1302 909 1410 945 mea,
1430 897 1453 921 *
1475 909 1605 948 quem
1624 896 1815 938 timebo?

1218 952 1433 993 Dominus
1478 954 1706 1004 protector
1748 954 1849 994 vitae

1017 1019 1139 1057 meae,
1159 1008 1182 1033 *
1203 1021 1228 1048 a
1249 1021 1335 1060 quo
1355 1008 1618 1060 trepidabo?

1069 1063 1186 1104 Dum
1219 1065 1484 1116 appr6piant
1512 1077 1645 1117 super
1676 1078 1746 1106 me
1775 1079 1849 1107 no-

1018 1121 1177 1169 centes,
1197 1121 1220 1145 *
1240 1126 1288 1162 ut
1308 1120 1440 1162 edant
1460 1133 1613 1162 carnes
1632 1135 1772 1163 meas:

1070 1176 1155 1225 Qui
1182 1176 1392 1218 tribulant
1419 1190 1489 1218 me
1516 1178 1678 1218 inimici
1702 1179 1798 1229 mei,
1827 1180 1849 1204 *

1017 1232 1102 1284 ipsi
1120 1232 1326 1274 infirmati
1346 1238 1456 1283 sunt,
1477 1238 1520 1274 et
1541 1233 1803 1276 ceciderunt.

1069 1288 1114 1329 Si
1148 1291 1388 1330 consistant
1422 1289 1655 1330 adversum
1680 1303 1750 1332 me
1784 1304 1850 1332 ca-

1018 1349 1119 1393 stra,
1138 1345 1161 1369 *
1180 1357 1268 1385 non
1286 1344 1458 1386 timebit
1478 1358 1554 1386 cor
1574 1358 1730 1387 meum.

1070 1400 1115 1440 Si
1144 1403 1351 1451 exsurgat
1379 1400 1613 1442 adversum
1643 1415 1713 1443 me
1740 1406 1849 1455 prae-

1017 1455 1133 1506 lium,
1153 1457 1175 1481 *
1195 1457 1239 1497 in
1259 1456 1343 1497 hoc
1364 1469 1446 1507 ego
1467 1457 1669 1509 sperabo.

1071 1512 1214 1554 Unam
1240 1513 1347 1565 petii
1375 1526 1400 1554 a
1422 1513 1625 1563 DOmino,
1654 1514 1766 1555 hanc
1786 1528 1849 1556 re-

1019 1571 1208 1620 quiram,
1236 1570 1259 1594 *
1287 1574 1335 1610 ut
1362 1568 1602 1610 inhabitem
1639 1570 1682 1610 in
1716 1570 1849 1613 domo

1016 1624 1195 1665 Domini
1215 1624 1415 1666 omnibus
1436 1625 1590 1666 diebus
1606 1626 1708 1667 vitae
1724 1640 1850 1668 meae:

1070 1681 1129 1722 Ut
1157 1680 1331 1722 videam
1360 1681 1633 1733 voluptatem
1661 1682 1850 1732 Domini,

1017 1738 1041 1762 *
1061 1741 1105 1778 et
1124 1737 1297 1778 visitem
1316 1737 1528 1789 templum
1549 1738 1649 1789 ejus.

1070 1793 1286 1843 Quaniam
1305 1792 1537 1834 abscdndit
1555 1806 1625 1834 me
1645 1794 1688 1834 in
1707 1793 1848 1835 taber-

1016 1849 1174 1890 naculo
1195 1861 1292 1890 suo:
1315 1850 1338 1873 *
1362 1849 1406 1889 in
1426 1848 1497 1890 die
1515 1849 1731 1890 malorum
1749 1863 1849 1902 pro-

1016 1905 1126 1946 texit
1161 1918 1232 1946 me
1268 1905 1311 1945 in
1348 1905 1608 1947 abscondito
1649 1906 1848 1948 taberna-

1018 1961 1104 2002 culi
1132 1961 1208 2002 sui.

1068 2017 1119 2057 In
1138 2022 1266 2069 petra
1285 2016 1494 2058 exaltavit
1512 2030 1596 2058 me:
1623 2018 1647 2043 *
1673 2022 1717 2059 et
1735 2031 1848 2059 nunc

1018 2072 1227 2114 exaltavit
1246 2078 1378 2125 caput
1396 2085 1542 2114 meum
1562 2086 1694 2125 super
1713 2074 1848 2114 inimi-

1018 2140 1094 2169 cos
1113 2141 1248 2170 meos.

1072 2184 1270 2234 Circuivi,
1291 2189 1335 2226 et
1350 2183 1574 2226 immolavi
1588 2185 1632 2226 in
1647 2185 1846 2227 taberna-

1017 2239 1116 2281 culo
1138 2241 1227 2291 ejus
1246 2240 1435 2282 hostiam
1453 2241 1796 2282 vociferationis:
1824 2242 1847 2266 *

1016 2295 1223 2346 cantabo,
1262 2301 1305 2338 et
1336 2295 1553 2348 psalmum
1586 2296 1728 2338 dicam
1759 2297 1846 2338 Do-

1016 2351 1146 2393 mino.

1068 2407 1240 2449 Exaudi
1277 2408 1465 2450 D6mine
1502 2422 1658 2450 vocem
1693 2422 1845 2458 meam,

1018 2476 1103 2514 qua
1123 2463 1309 2505 clamavi
1327 2463 1384 2505 ad
1402 2469 1466 2506 te:
1485 2465 1508 2490 *
1527 2465 1735 2506 miserere
1750 2465 1845 2514 mei,

1016 2523 1060 2559 et
1080 2519 1239 2560 exaudi
1257 2533 1338 2561 me.

1067 2574 1167 2616 Tibi
1187 2575 1296 2617 dixit
1320 2588 1397 2617 cor
1424 2589 1584 2626 meum,
1614 2576 1846 2628 exquisivit

1014 2634 1059 2671 te
1078 2630 1212 2672 facies
1235 2644 1351 2672 mea:
1378 2632 1402 2657 *
1429 2632 1586 2673 faciem
1609 2637 1728 2673 tuam
1746 2631 1844 2672 Dfie

1015 2689 1246 2738 requiram.
