2040 2976
759 186 963 221 Dominica
989 188 1038 221 ad
1062 188 1267 231 vesperas.

212 279 381 330 Gloria,
410 283 453 321 et
473 279 639 321 divitiae
660 280 705 320 in
729 279 863 321 domo
884 281 991 333 ejus:

158 337 182 362 *
201 340 245 378 et
262 336 428 388 iustitia
448 337 539 388 ejus
558 340 706 378 manet
720 336 765 377 in
781 337 991 378 sa'eculum

159 392 321 435 saeculi.

208 453 426 495 Exortum
454 458 523 495 est
549 454 594 494 in
621 453 815 496 tenebris
843 453 991 495 lumen

158 509 307 552 rectis:
326 510 350 535 *
369 510 640 560 misericors,
670 514 714 552 et
740 509 990 560 miserator,

159 570 203 608 et
221 567 372 618 justus.

209 627 235 668 J
236 626 438 669 ucundus
457 626 590 668 homo
607 626 682 678 qui
696 626 930 668 miseretur
946 631 990 668 et

159 683 428 734 commodat,
449 682 655 735 disponet
677 684 903 724 sermones
922 696 989 724 su-

159 752 210 781 os
238 740 283 780 in
311 738 490 792 judicio:
518 739 543 765 *
573 739 677 791 quia
703 739 748 780 in
775 741 988 781 aeternum

157 808 246 838 non
266 796 624 838 commovebitur.

208 857 260 898 In
278 857 492 898 memoria
511 858 678 899 aeterna
697 857 780 899 erit
798 858 987 909 justus:*

157 913 212 955 ab
233 912 461 970 auditione
479 913 594 954 mala
612 926 701 955 non
721 913 905 963 timobit.

207 974 418 1016 Paratum
436 986 514 1016 cor
534 975 626 1026 ejus
648 977 828 1027 sperare
845 975 889 1015 in
899 975 987 1016 Do-

156 1030 292 1082 mino,
318 1030 627 1072 confirmatum
651 1035 719 1073 est
743 1044 819 1073 cor
838 1032 944 1083 ejus:
964 1032 986 1056 *

156 1099 246 1128 non
281 1086 633 1129 commovebitur
667 1087 808 1129 donec
844 1087 986 1140 despi-

156 1143 244 1184 ciat
263 1143 464 1184 inimicos
485 1155 601 1184 suos.

204 1204 445 1257 Dispersit‚
466 1203 593 1246 dedit
612 1204 900 1258 pauperibus:
927 1207 985 1258 ju-

152 1260 274 1302 stitia
302 1261 392 1313 ejus
420 1266 568 1303 manet
595 1261 642 1302 in
671 1262 883 1303 saeculum
907 1265 985 1304 sae-

153 1316 258 1367 culi,
285 1316 310 1342 *
339 1330 477 1359 cornu
511 1318 602 1370 ejus
641 1317 906 1360 exaltabitur
940 1319 984 1359 in

151 1372 302 1424 gloria.

203 1433 422 1476 Peccator
455 1434 641 1486 videbit,
678 1440 723 1477 et
759 1436 984 1487 irascetur,

153 1489 360 1532 dentibus
394 1491 486 1532 suis
513 1491 670 1533 fremet
698 1497 742 1534 et
768 1492 983 1535 tabescet:

151 1546 175 1572 *
204 1545 473 1589 desiderium
500 1550 787 1601 peccatorum
808 1550 982 1602 peribit.

205 1619 307 1659 Ant.
318 1618 367 1658 In
376 1617 596 1659 mandatis
608 1619 698 1670 ejus
710 1620 832 1672 cupit
842 1619 982 1660 nimis.

205 1687 305 1728 Ant.
326 1685 394 1727 Sit
412 1699 573 1728 nomen
590 1687 780 1728 Domini.

420 1765 621 1806 Psalmus
642 1768 718 1806 112.

214 1827 376 1869 audate
403 1828 531 1880 pueri
555 1829 814 1871 Dominum:
841 1832 865 1858 *
892 1832 980 1873 lau-

242 1883 345 1926 date
363 1897 524 1926 nomen
540 1885 731 1926 Domini.

201 1944 267 1986 Sit
281 1957 442 1987 nomen
457 1945 638 1986 Domini
652 1946 946 1998 benedictum,
957 1950 980 1974 *

151 2013 205 2042 ex
223 2000 309 2042 hoc
325 2014 453 2052 nunc,
473 2006 516 2043 et
534 2015 676 2054 usque
695 2003 740 2044 in
759 2004 980 2045 saeculum.

201 2061 242 2102 A
267 2061 374 2103 solis
400 2066 501 2104 ortu
522 2075 663 2115 usque
687 2064 744 2106 ad
763 2067 980 2116 occasum,

149 2117 173 2143 *
191 2117 415 2160 laudabile
435 2131 598 2161 nomen
615 2120 806 2162 Domini.

199 2178 413 2220 Excelsus
452 2193 585 2232 super
624 2193 777 2223 omnes
811 2182 978 2224 Gentes

148 2233 376 2298 Dominus,
394 2235 419 2262 *
439 2240 483 2277 et
510 2249 644 2289 super
672 2237 811 2280 coelos
838 2237 979 2290 gloria

149 2302 250 2341 ejus.

201 2350 309 2400 Quis
324 2351 439 2393 sicut
451 2352 668 2394 Dominus
678 2354 800 2395 Deus
815 2360 977 2408 noster,

149 2406 225 2458 qui
252 2407 296 2447 in
325 2406 425 2448 altis
454 2407 639 2459 habitat,
667 2410 692 2435 *
721 2414 765 2451 et
797 2410 978 2454 humilia

147 2463 329 2515 respicit
348 2463 392 2503 in
412 2463 526 2506 coelo
545 2469 591 2506 et
608 2466 653 2506 in
671 2465 814 2508 terra?

199 2523 424 2565 Suscitans
453 2537 479 2565 a
506 2529 625 2566 terra
656 2528 852 2579 inopem,
881 2529 904 2555 *
934 2534 978 2571 et

149 2578 204 2620 de
223 2581 420 2621 stercore
441 2580 613 2631 erigens
632 2586 890 2635 pauperem:

199 2640 259 2681 Ut
269 2640 459 2682 collocet
471 2654 571 2682 eum
583 2654 682 2683 cum
691 2643 976 2697 principibus,

147 2695 171 2720 *
191 2708 290 2736 cum
308 2697 582 2749 principibus
601 2699 755 2750 populi
776 2701 854 2742 sui.

1804 189 1875 225 107

1097 281 1181 331 Qui
1199 281 1400 324 habitare
1414 283 1518 325 facit
1533 284 1728 326 sterilem
1738 285 1782 325 in
1798 285 1872 326 do-

1043 350 1126 388 mo,
1143 338 1166 363 *
1184 343 1371 380 matrem
1389 339 1580 381 filiorum
1598 341 1834 383 laetantem.

1102 404 1201 444 Ant.
1222 403 1287 444 Sit
1309 416 1471 445 nomen
1494 405 1673 447 Domini
1695 405 1872 448 benedi—

1043 463 1164 501 ctum
1182 460 1227 500 in
1246 460 1420 501 saecula.

1099 525 1199 565 Ant.
1232 525 1321 566 Nos
1340 525 1415 576 qui
1434 526 1632 568 Vivimus.

1312 609 1511 650 Psalmus
1536 612 1609 650 11:13.

1095 689 1124 715 n
1145 675 1266 717 exitu
1288 676 1427 717 Israel
1449 676 1504 718 de
1523 677 1739 730 AEgypto,
1755 680 1779 705 *
1797 679 1871 721 do-

1111 745 1209 773 mus
1231 732 1369 774 Jacob
1398 732 1454 774 de
1479 734 1646 786 populo
1666 734 1871 777 barbaro:

1093 788 1230 830 Facta
1276 793 1343 830 est
1379 789 1404 830 J
1406 789 1534 831 uda'ea
1581 791 1870 834 sanctificatio

1043 845 1144 896 ejus
1162 845 1186 871 *
1203 845 1342 887 Israel
1361 848 1560 898 potestas
1582 847 1682 898 ejus.

1093 901 1216 943 Mare
1244 902 1372 952 vidit,
1402 907 1445 943 et
1473 902 1599 954 fugit:
1623 903 1647 929 *
1667 903 1870 947 Jordanis

1041 959 1280 1000 conversus
1302 963 1369 1000 est
1387 961 1641 1000 retrorsum.

1092 1014 1268 1056 Montes
1287 1015 1617 1057 exsultaverunt
1636 1021 1685 1058 ut
1701 1019 1870 1067 arietes,

1040 1070 1063 1096 *
1084 1075 1128 1112 et
1147 1071 1282 1113 colles
1303 1072 1416 1113 sicut
1436 1072 1537 1124 agni
1557 1072 1715 1114 ovium.

1093 1127 1210 1177 Quid
1230 1132 1297 1169 est
1316 1127 1398 1169 tibi
1418 1141 1540 1170 mare
1567 1129 1686 1180 quod
1705 1129 1870 1181 fugisti:

1039 1184 1062 1209 *
1080 1188 1124 1225 et
1140 1188 1189 1225 tu
1203 1184 1224 1224 J
1230 1184 1419 1235 ordanis,
1441 1185 1543 1236 quia
1563 1187 1802 1228 conversus
1823 1200 1869 1228 es

1038 1239 1306 1282 retrorsum?

1090 1293 1266 1338 Montes
1289 1297 1542 1339 exsultastis
1564 1298 1677 1339 sicut
1697 1301 1868 1350 arietes,

1038 1352 1062 1378 *
1082 1357 1125 1394 et
1145 1353 1282 1395 colles
1302 1354 1415 1395 sicut
1434 1354 1535 1405 agni
1555 1355 1713 1396 ovium.

1089 1410 1131 1450 A
1149 1409 1260 1451 facie
1278 1410 1458 1451 Domini
1478 1415 1600 1453 mota
1617 1416 1683 1453 est
1701 1416 1829 1462 terra,
1844 1413 1868 1438 ²⁸¹

1037 1478 1063 1506 a
1080 1466 1192 1507 facie
1211 1466 1296 1508 Dei
1315 1466 1465 1508 Jacob.

1090 1523 1174 1573 Qui
1203 1523 1423 1564 convertit
1450 1527 1622 1575 petram
1650 1524 1693 1564 in
1713 1530 1867 1576 stagna

1037 1581 1266 1631 aquarum,
1284 1579 1308 1606 *
1329 1584 1373 1621 et
1399 1592 1555 1632 rupem
1582 1580 1625 1620 in
1654 1580 1796 1623 fontes
1825 1595 1865 1623 a·

1037 1637 1234 1687 quarum.

1088 1691 1191 1732 Non
1207 1692 1338 1734 nobis
1355 1693 1556 1744 Domine,
1575 1707 1664 1736 non
1684 1693 1827 1735 nobis:
1842 1695 1866 1720 *

1036 1747 1117 1789 sed
1135 1749 1302 1789 nomini
1319 1754 1396 1790 tuo
1418 1749 1474 1791 da
1492 1750 1688 1800 gloriam.

1088 1804 1229 1856 Super
1250 1805 1555 1847 misericordia
1572 1811 1665 1857 tua,
1694 1811 1738 1848 et
1757 1807 1864 1848 veri-

1034 1862 1126 1901 tate
1154 1865 1244 1901 tua:
1264 1861 1288 1887 *
1308 1862 1543 1913 nequando
1573 1862 1722 1904 dicant
1750 1863 1863 1904 Gen-

1034 1921 1120 1957 tes:
1147 1916 1234 1958 Ubi
1256 1923 1323 1959 est
1341 1918 1463 1959 Deus
1485 1918 1662 1960 eorum?

1085 1973 1209 2015 Deus
1242 1978 1390 2015 autem
1422 1979 1574 2016 noster
1606 1975 1651 2016 in
1680 1976 1809 2016 coelo:
1839 1976 1862 2001 *

1034 2029 1182 2071 omnia
1204 2033 1495 2082 quaecumque
1516 2031 1666 2082 voluit,
1688 2032 1802 2073 fecit.

1086 2085 1329 2127 Simulacra
1373 2087 1582 2128 Gentium
1623 2090 1861 2139 argentum,

1034 2146 1078 2183 et
1098 2154 1268 2192 aurum,
1287 2142 1311 2168 *
1331 2144 1468 2195 opera
1491 2145 1699 2186 manuum
1726 2143 1861 2185 homi-

1031 2211 1147 2239 num.
1639 2208 1648 2216 ’

1086 2254 1148 2295 Os
1172 2253 1352 2304 habent,
1381 2259 1426 2297 et
1453 2267 1542 2297 non
1568 2255 1818 2308 loquentur:
1837 2256 1861 2281 *

1032 2310 1185 2352 oculos
1205 2310 1380 2361 habent,
1401 2315 1445 2353 et
1461 2324 1550 2353 non
1567 2312 1790 2354 videbunt.

1083 2366 1228 2408 Aures
1248 2366 1429 2417 habent,
1451 2372 1495 2410 et
1513 2380 1602 2409 non
1621 2368 1815 2410 audient:
1836 2369 1859 2393 *

1031 2435 1159 2464 nares
1179 2422 1353 2474 habent,
1374 2428 1418 2465 et
1435 2436 1525 2465 non
1545 2423 1803 2465 odorabunt.

1083 2479 1239 2520 Manus
1254 2479 1429 2530 habent,
1445 2484 1489 2522 et
1502 2493 1591 2521 non
1600 2480 1858 2532 palpabunt:

1030 2535 1169 2587 pedes
1190 2535 1366 2586 habent,
1389 2541 1433 2577 et
1450 2549 1540 2578 non
1559 2535 1858 2577 ambulabunt:

1030 2592 1055 2617 *
1073 2604 1162 2632 non
1181 2591 1432 2634 clamabunt
1451 2593 1496 2632 in
1516 2595 1692 2643 gutture
1711 2603 1800 2632 suo.

1083 2647 1257 2689 Similes
1275 2647 1363 2689 illis
1384 2648 1492 2689 fiant
1513 2648 1587 2700 qui
1606 2647 1770 2688 faciunt
1789 2658 1856 2687 ea:

1029 2703 1054 2729 *
1072 2708 1116 2744 et
1135 2716 1288 2745 omnes
1309 2704 1383 2756 qui
1402 2704 1630 2753 confidunt
1650 2703 1693 2742 in
1713 2702 1786 2743 eis.
