2040 2976
809 252 865 286 Ss.
891 251 1031 285 Cordis
1055 252 1159 286 Jcsu.
1211 288 1214 291 Δ

187 343 225 383 O
246 342 343 392 Cor,
362 343 569 395 voluptas
588 343 794 391 coelitum,

239 401 326 442 Cor
343 398 433 440 fida
451 411 554 451 spes
573 399 837 448 mortalium,

160 494 162 496 .
236 456 304 497 En
324 455 445 496 hisce
463 454 593 495 tracti
611 455 807 505 vocibus,

237 511 311 553 Ad
328 516 373 552 te
391 513 590 552 venimus
610 510 844 562 supplices.

187 575 254 617 Tu
270 579 423 617 nostra
441 579 563 626 terge
581 574 765 616 vulnera

235 632 303 672 Ex
320 636 365 672 te
384 631 547 672 fluente
566 631 792 682 sanguine3

236 688 307 728 Tu
327 685 384 728 da
401 699 563 728 novum
583 698 659 727 cor
678 686 890 735 omnibus,

237 743 322 794 Qui
340 747 384 784 te
403 744 630 794 gementes
648 744 865 783 invocant.

446 799 599 840 Amen.

186 859 236 908 V.
262 860 496 901 MiserAtor
525 864 569 900 et
597 859 847 900 misericors
874 859 962 899 Do-

132 916 286 956 minus.
314 917 366 967 Rz.
391 914 675 966 Longanimis
705 919 748 956 et
778 914 965 956 multum

133 972 395 1013 misericors.

187 1027 258 1069 Ad
290 1027 463 1079 Magnis.
509 1029 607 1068 Ant.
660 1026 965 1068 Misericordia

133 1083 312 1124 Domini
328 1096 353 1124 a
370 1083 582 1136 progenie
598 1083 643 1123 in
660 1083 896 1135 progenies
915 1082 964 1123 ti-

134 1139 354 1181 mentibus
374 1151 484 1188 eum,
505 1138 687 1190 alleluja.

467 1201 629 1241 Oratio.

216 1266 268 1295 ac
285 1266 377 1305 nos,
402 1255 591 1296 Demine
609 1254 634 1294 J
637 1266 724 1303 esu,
747 1253 964 1294 sanctissi-

237 1311 298 1351 mi
318 1309 474 1352 Cordis
498 1310 563 1351 tui
580 1309 815 1351 virt1'1tibus
834 1309 965 1358 indui,

137 1371 181 1408 θῖ
195 1365 426 1408 affectibus
442 1366 718 1406 inflammari:
738 1370 787 1406 ut
804 1370 847 1406 et
863 1365 965 1405 ime-

136 1422 224 1473 gini
259 1422 470 1464 bonitatis
503 1427 592 1463 tuae
624 1421 887 1471 conformes,
923 1425 967 1462 et

136 1483 225 1519 tuae
252 1477 568 1530 redemptienis
595 1479 841 1518 mereamur
869 1489 966 1517 esse

135 1534 392 1586 participes:
421 1534 505 1584 Qui
524 1533 636 1574 vivis
656 1538 700 1575 et
718 1545 886 1583 regnas.

189 1599 254 1634 Ad
275 1599 461 1643 Complet.
487 1602 524 1633 et
549 1599 645 1633 alias
663 1599 802 1642 Horas,
827 1599 867 1632 in
888 1599 962 1632 fine

137 1647 306 1681 omnium
329 1647 468 1691 Hymn.
494 1647 650 1681 dieitur:

189 1698 214 1738 J
216 1710 304 1747 esu,
323 1697 404 1738 tibi
424 1697 480 1738 sit
498 1696 648 1747 gloria,

240 1753 325 1803 Qui
342 1757 471 1793 natus
491 1764 538 1793 es
557 1751 612 1794 de
630 1752 823 1803 Virgine,

241 1808 351 1850 Cum
369 1808 500 1849 Patre
519 1813 563 1850 et
582 1807 696 1849 almo
716 1807 880 1859 Spiritu

239 1865 292 1905 In
310 1864 577 1916 sempiterna
596 1863 769 1906 saecula.

447 1920 601 1961 Amen.

299 1991 387 2033 Ad
413 1991 802 2034 matutinum.

192 2055 316 2096 Invit.
356 2055 446 2095 Cor
471 2053 497 2094 J
499 2066 593 2103 esu,
622 2052 817 2095 caritatis
845 2050 964 2092 victi-

137 2122 265 2158 mam,
284 2111 307 2136 *
326 2109 486 2150 Venite
504 2108 750 2151 adoremus.

191 2167 260 2207 Ps.
289 2167 457 2214 Venite,
477 2165 755 2206 exsultemus.
782 2164 819 2204 2.

191 2224 400 2275 Hymnus.
425 2221 712 2273 Quicumque.
739 2219 848 2272 [272]

377 2293 426 2331 In
453 2293 483 2331 Ι.
511 2292 734 2331 Nocturno.

195 2351 295 2391 Ant.
323 2352 505 2391 Factum
524 2354 591 2392 est
610 2362 686 2390 cor
700 2362 846 2390 meum
860 2351 965 2389 tam-

141 2416 272 2455 quam
311 2417 411 2446 cera
449 2405 695 2457 liquescens
736 2405 779 2445 in
819 2403 965 2445 medio

139 2460 303 2501 ventris
320 2460 418 2501 mei.

418 2518 615 2558 Psalmus
636 2520 692 2558 21.

151 2588 238 2622 rx
255 2590 257 2592 ·
273 2583 350 2612 eus
365 2572 487 2613 Deus
503 2585 626 2613 meus
642 2573 813 2624 respice
826 2571 871 2611 in
884 2583 968 2611 me:

291 2638 426 2678 quare
443 2640 513 2668 me
530 2626 825 2679 dereliquisti?
840 2627 863 2651 *
878 2625 968 2666 lon-

152 2634 157 2653 ι
182 2634 230 2658 ,ι’«ν

153 2612 259 2709 ἓξὲξ)
290 2694 344 2732 ge
369 2695 395 2723 a
420 2683 560 2724 salute
584 2696 683 2724 mea
704 2682 840 2724 verba
867 2680 970 2722 deli-

142 2739 314 2778 ctorum
330 2740 538 2779 meerum.

296 2879 359 2903 Pars
375 2879 482 2903 AEstiva.

1749 251 1840 295 [273]

1065 343 1186 384 Deus
1217 357 1341 385 meus
1371 344 1570 386 clamabo
1602 357 1682 396 per
1715 344 1841 394 diem,

1016 403 1060 440 et
1077 412 1166 440 non
1187 399 1408 441 exaudies:
1427 402 1450 425 *
1471 406 1514 441 et
1531 405 1672 450 nocte,
1692 406 1736 441 et
1753 413 1842 441 non

1015 454 1071 495 ad
1090 455 1382 507 insipientiam
1401 455 1515 497 mihi.

1066 511 1135 551 Tu
1169 516 1314 552 autem
1347 512 1391 552 in
1424 516 1576 552 sancto
1602 511 1791 560 habitas,
1818 511 1842 536 *

1014 566 1109 607 laus
1127 567 1274 607 Israel.

1067 623 1118 662 In
1140 627 1184 663 te
1208 625 1495 674 speraverunt
1517 619 1666 675 patres
1690 622 1843 663 nostri:

1014 678 1038 703 *
1058 680 1354 729 speraverunt,
1374 684 1418 719 et
1436 679 1631 720 liberasti
1651 691 1738 719 eos.

1067 732 1141 774 Ad
1159 738 1203 774 te
1223 733 1530 783 clamaverunt,
1550 739 1594 775 et
1612 734 1723 774 salvi
1741 733 1844 774 facti

1018 794 1138 839 suntq
1160 790 1183 814 *
1211 789 1254 828 in
1281 794 1326 830 te
1354 791 1655 841 speraverunt,
1685 794 1728 831 et
1756 801 1844 830 non

1017 850 1118 885 sunt
1137 845 1319 885 confusi.

1067 901 1163 950 Ego
1189 905 1334 941 autem
1359 913 1454 940 sum
1485 901 1658 949 vermis,
1687 907 1732 942 et
1756 914 1844 942 non

1016 955 1165 997 homo:
1184 956 1207 980 *
1229 955 1517 1007 opprobrium
1536 956 1775 1006 hominum,
1802 962 1845 998 et

1018 1011 1204 1062 abjectio
1225 1011 1380 1063 plebis.

1070 1066 1233 1108 Omnes
1261 1066 1459 1108 videntes
1487 1080 1571 1116 me,
1602 1067 1846 1108 deriserunt

1017 1135 1104 1163 me:
1129 1125 1151 1149 *
1178 1123 1315 1164 locuti
1339 1128 1439 1164 sunt
1462 1123 1606 1171 labiis,
1633 1128 1676 1164 et
1700 1125 1845 1164 move-

1018 1184 1118 1219 runt
1137 1184 1279 1230 caput.

1070 1235 1272 1285 Speravit
1287 1234 1330 1274 in
1345 1234 1547 1283 D6mino,
1563 1234 1718 1286 eripiat
1734 1247 1847 1274 eum:

1018 1290 1042 1314 *
1061 1290 1230 1330 salvum
1248 1290 1379 1331 faciat
1399 1303 1508 1339 eum,
1530 1290 1736 1342 quoniam
1754 1288 1847 1330 vult

1019 1357 1129 1386 eum.

1072 1401 1288 1450 Quoniam
1323 1406 1371 1442 tu
1407 1413 1472 1450 es,
1511 1400 1584 1452 qui
1621 1400 1847 1442 extraxisti

1018 1469 1088 1497 me
1114 1455 1168 1497 de
1188 1461 1352 1497 ventre:
1373 1458 1396 1483 *
1417 1468 1518 1508 spes
1542 1468 1641 1497 mea
1666 1456 1720 1496 ab
1745 1455 1846 1496 ube-

1019 1512 1139 1553 ribus
1158 1513 1308 1553 matris
1327 1524 1448 1553 meae.
1482 1512 1533 1551 In
1556 1517 1601 1553 te
1624 1513 1847 1564 projectus

1019 1581 1116 1608 sum
1136 1581 1189 1608 ex
1208 1571 1350 1609 utero:

1070 1625 1138 1665 De
1149 1630 1299 1665 ventre
1309 1625 1461 1666 matris
1471 1636 1582 1665 meae
1593 1624 1713 1664 Deus
1723 1635 1846 1664 meus

1020 1691 1067 1720 es
1085 1685 1145 1729 tu,
1163 1681 1187 1705 *
1206 1693 1260 1722 ne
1280 1680 1532 1721 discesseris
1552 1691 1578 1719 a
1596 1692 1682 1720 me:

1073 1736 1288 1785 Quoniam
1307 1736 1531 1777 tribulatio
1551 1735 1752 1788 prexima
1768 1739 1848 1775 est:

1019 1792 1043 1816 *
1065 1792 1269 1844 quoniam
1288 1805 1375 1833 non
1396 1797 1462 1833 θεῖ
1484 1792 1558 1843 qui
1579 1791 1764 1842 adjuvet.

1074 1845 1465 1888 Circumdederunt
1483 1860 1551 1887 me
1569 1846 1693 1886 vituli
1710 1844 1848 1885 multi:

1020 1903 1043 1927 *
1063 1903 1177 1943 tauri
1195 1903 1379 1954 pingues
1399 1900 1666 1943 obsederunt
1684 1913 1765 1940 me.

1073 1958 1353 2010 Aperuerunt
1380 1969 1512 2009 super
1539 1969 1609 1997 me
1633 1969 1683 1996 os
1710 1968 1847 2004 suum,

1020 2015 1044 2040 *
1064 2014 1176 2054 sicut
1194 2013 1265 2054 leo
1285 2013 1460 2065 rapiens
1480 2018 1524 2054 et
1543 2012 1730 2062 rugiens.

1072 2070 1192 2111 Sicut
1216 2082 1331 2121 aqua
1356 2069 1518 2110 effusus
1544 2081 1654 2109 sum:
1672 2068 1695 2093 *
1718 2072 1762 2108 et
1787 2065 1847 2107 di-

1021 2127 1174 2177 spersa
1193 2130 1292 2166 sunt
1312 2125 1456 2166 omnia
1477 2137 1578 2165 ossa
1596 2136 1705 2165 mea.

1072 2182 1257 2223 Factum
1276 2186 1342 2223 est
1362 2193 1438 2223 cor
1458 2193 1602 2222 meum
1623 2185 1848 2231 tamquam

1022 2250 1123 2279 cera
1155 2237 1402 2288 liquescens
1435 2237 1459 2262 *
1490 2237 1534 2277 in
1567 2235 1714 2277 medio
1749 2247 1848 2276 ven-

1021 2293 1099 2334 tris
1117 2293 1213 2333 mei.

1073 2348 1200 2389 Aruit
1218 2353 1443 2399 tamquam
1458 2351 1574 2388 testa
1588 2346 1724 2387 virtus
1739 2358 1847 2394 mea,

1023 2409 1066 2445 et
1105 2404 1251 2454 lingua
1290 2415 1388 2444 mea
1427 2402 1613 2444 adhaesit
1648 2400 1847 2442 salicibus

1021 2459 1144 2501 meis:
1162 2460 1186 2485 *
1212 2464 1255 2500 et
1278 2459 1322 2499 in
1345 2458 1573 2511 pulverem
1596 2456 1749 2498 mortis
1776 2455 1847 2496 de-

1022 2514 1186 2555 duxisti
1203 2526 1284 2555 me.

1075 2570 1290 2620 Queniam
1305 2567 1684 2611 circumdederunt
1694 2578 1764 2607 me
1779 2579 1846 2607 ca-

1022 2637 1100 2666 nes
1127 2625 1268 2666 multi:
1295 2625 1319 2650 *
1348 2623 1578 2666 concilium
1611 2621 1847 2672 malignan—

1022 2681 1130 2721 tium
1150 2680 1325 2722 obsedit
1341 2692 1422 2721 me.

1073 2736 1299 2777 Foderunt
1323 2746 1476 2776 manus
1499 2745 1620 2773 meas
1643 2736 1687 2773 et
1709 2731 1847 2783 pedes
