2040 2976
756 228 967 262 Commune
992 236 1069 260 non
1094 226 1307 268 Virginum.

182 324 480 378 pulchritudo:
502 324 658 366 mulier
682 323 841 365 timens
863 321 1013 362 Domi-

182 395 297 432 num,
317 381 416 434 ipsa
434 380 694 423 laudabitur.

227 443 277 496 Rz.
292 442 355 484 br.
380 442 525 494 Elegit
540 454 638 484 eam
652 441 811 490 Deus,*
828 439 886 480 Et
902 451 1012 491 prae-

182 498 314 549 elegit
336 511 444 539 eam.
479 497 633 549 Elegit.
663 494 715 547 V.
743 497 795 537 In
813 495 1012 537 taberna-

181 553 281 596 culo
314 567 395 596 suo
427 554 627 596 habitare
658 553 763 594 facit
790 564 898 593 eam.
945 551 1012 591 Et.

179 609 334 651 Gloria
351 611 483 652 Patri.
518 610 675 661 Elegit.

226 662 277 712 V.
324 666 497 708 Diffusa
533 670 600 708 est
637 665 778 717 gratia
808 664 853 705 in
883 662 1011 705 labiis

179 723 276 764 tuis.
323 723 372 774 Eg.
423 723 668 775 Propterea
706 719 932 763 benedixit
967 724 1011 760 te

178 778 300 821 Deus
327 779 372 820 in
399 780 623 821 aeternum.

385 861 447 902 In
468 861 527 903 11.
550 859 802 911 vesperis.

227 926 365 961 Omnia
389 932 430 961 ut
453 938 570 970 supra
596 927 634 960 in
658 927 684 961 Ι.
707 926 893 969 Vcsperis
925 924 1009 968 [99],

174 980 315 1018 praeter

229 1023 277 1073 V.
319 1025 490 1067 Diffusa
527 1030 595 1068 est
628 1026 769 1077 gratia
806 1026 850 1065 in
882 1025 1010 1066 labiis

178 1081 275 1122 tuis.
322 1085 373 1135 R.
419 1083 662 1135 Propterea
700 1081 926 1124 benedixit
966 1087 1010 1123 te

175 1137 297 1179 Deus
325 1137 369 1178 in
397 1140 619 1180 aetemum.

227 1207 298 1247 Ad
323 1207 495 1255 Magnis.
538 1207 636 1246 Ant.
679 1206 858 1245 Manum
885 1216 1010 1244 suam

175 1259 199 1284 *
233 1261 404 1312 aperuit
441 1260 577 1313 inopi,
623 1265 666 1301 et
701 1260 871 1312 palmas
909 1273 1009 1300 suas

177 1315 373 1358 extendit
400 1316 457 1358 ad
484 1320 740 1369 pauperem,
779 1321 822 1357 et
850 1329 1009 1368 panem

176 1371 319 1413 otiosa
339 1386 428 1414 non
449 1372 651 1415 comedit.

225 1438 264 1472 Si
291 1438 431 1472 fuerint
449 1439 580 1481 plures
598 1448 674 1471 non
691 1437 883 1479 Virgines,
902 1436 1002 1469 idem

172 1486 213 1520 fit
238 1486 343 1520 Offie.
369 1491 409 1520 ut
435 1496 561 1529 supra.
590 1485 663 1529 [99]

452 1559 666 1586 -“‘*“0-ffi-C*
676 1572 712 1573 ἠγ
727 1572 730 1573 ⁷
776 1571 799 1573 Π.

412 1637 474 1677 11.
503 1636 767 1678 Lectiones

268 1705 367 1745 pro
406 1692 652 1743 Martyre
688 1696 912 1732 tantum.

403 1772 452 1809 In
476 1771 527 1809 II.
553 1770 777 1809 Nocturno.

173 1841 326 1881 Sermo
343 1841 482 1882 sancti
492 1841 517 1881 J
519 1841 673 1882 oannis
689 1838 1004 1893 Chrysostomi.

195 1906 311 1941 Scrm.
324 1906 376 1940 67.
392 1906 439 1941 de
455 1906 622 1941 diversis
636 1906 730 1940 novi
743 1906 981 1940 Testamenti

533 1954 642 1988 lociS.

473 2010 626 2051 Lectio
647 2011 699 2051 iv.

178 2072 184 2074 “
214 2072 226 2117 ᾗ
253 2073 282 2129 ,s
287 2081 344 2119 go
359 2068 548 2110 maxime
564 2070 1003 2111 commemorationes

181 2168 183 2171 ,
305 2125 439 2176 diligo
473 2126 735 2178 Martyrum,
775 2125 927 2176 diligo,
960 2131 1004 2168 et

201 2192 248 2205 ἠ’
280 2184 282 2202 ¹
306 2182 564 2234 amplector3
587 2187 719 2234 atque
739 2194 891 2223 omnes
913 2183 1002 2234 qui-

171 2236 286 2287 dem,
340 2238 420 2279 sed
469 2243 562 2279 tum
610 2241 850 2291 praecipue,
903 2252 1003 2280 cum

169 2293 400 2335 mulierum
424 2294 663 2336 certamina
681 2298 1001 2347 proponuntur.

170 2350 345 2399 Quanto
389 2350 503 2391 enim
544 2350 758 2391 infirmius
800 2355 868 2392 est
909 2364 1001 2401 vas,

169 2409 292 2447 tanto
317 2406 455 2457 major
481 2410 548 2447 est
573 2407 729 2457 gratia,
759 2411 882 2448 tanto
907 2407 1000 2448 illu-

168 2461 299 2502 strius
332 2466 400 2503 est
431 2462 697 2514 trophaeum,
739 2467 862 2504 tanto
902 2463 1001 2504 insi-

167 2517 292 2568 gnior
312 2522 379 2559 est
398 2517 596 2567 victoria,
622 2531 710 2560 non
729 2518 788 2559 ob
808 2518 999 2560 imbecil-

165 2573 334 2615 litatem
349 2586 480 2614 sexus
496 2573 769 2624 athletarum,
785 2574 864 2616 sed
881 2575 1001 2627 quod

166 2642 246 2682 per
283 2642 350 2679 ea,
397 2629 555 2682 quibus
592 2631 758 2672 vicerat
788 2631 999 2678 inimicus,

166 2698 282 2727 nunc
301 2685 434 2727 etiam
452 2685 663 2727 vincatur.

1810 226 1901 269 [111]

1112 323 1164 375 R.
1205 321 1396 374 Propter
1424 322 1673 373 veritatem,
1707 327 1751 365 et
1782 336 1900 365 man-

1067 377 1360 429 suetudinem,
1390 383 1434 420 et
1453 379 1715 431 justitiam:*
1744 381 1801 421 Et
1829 379 1900 422 de-

1067 432 1200 475 ducet
1231 439 1275 476 te
1309 435 1567 477 mirabiliter
1600 436 1783 478 dextera
1814 441 1899 478 tua.

1062 488 1112 540 V.
1143 491 1301 543 Specie
1320 496 1396 533 tua
1416 497 1460 534 et
1479 492 1806 544 pulchritudine
1825 497 1900 534 tua

1064 546 1259 597 intende,
1287 550 1502 601 prospere
1526 549 1737 602 procede,
1766 554 1810 591 et
1834 562 1899 590 re-

1064 615 1160 653 gna.
1197 604 1255 644 Et
1274 603 1476 647 deducet.

1370 664 1523 704 Lectio
1546 679 1582 704 v.

1062 716 1196 822 Per
1223 716 1452 758 mulierem
1479 717 1599 767 vicit,
1637 731 1718 770 per
1750 718 1898 759 mulie-

1158 786 1253 815 rem
1282 775 1514 825 superatus
1543 778 1620 815 est.
1656 775 1757 815 Hoc
1783 774 1898 815 illius

1065 832 1195 872 antea
1221 829 1359 871 telum
1387 834 1499 871 erat:
1527 829 1613 871 hoc
1639 830 1755 871 illius
1782 844 1899 872 nunc

1064 886 1199 928 caedis
1235 887 1400 928 factum
1442 891 1509 928 est
1545 886 1899 937 instrumentum,

1063 943 1149 985 hoc
1202 956 1281 985 vas
1332 943 1540 996 apparuit
1589 943 1899 996 insuperabile.

1062 1000 1271 1041 Peccavit
1291 999 1365 1040 illa
1386 1000 1523 1052 prior,
1552 1004 1596 1041 et
1618 1002 1794 1041 mortua
1818 1005 1899 1041 est:

1063 1056 1147 1097 ista
1175 1058 1349 1098 mortua
1372 1061 1454 1105 est,
1483 1069 1538 1097 ne
1563 1058 1782 1108 peccaret.
1819 1056 1900 1097 Illa

1062 1117 1156 1153 tum
1198 1112 1332 1153 futilis
1373 1113 1580 1165 promissi
1617 1125 1696 1165 spe
1736 1112 1898 1162 inflata,

1062 1168 1147 1210 Dei
1166 1168 1287 1219 leges
1307 1168 1502 1210 violavit:
1521 1169 1618 1210 haec
1634 1169 1769 1210 vitam
1788 1182 1898 1221 prae-

1063 1226 1233 1266 sentem
1269 1225 1549 1277 contempsit,
1593 1238 1647 1266 ne
1685 1225 1820 1267 fidem
1855 1226 1899 1265 in

1063 1294 1190 1322 suum
1200 1281 1529 1323 benefactorem
1542 1282 1739 1333 ejuraret.
1758 1282 1899 1332 Quam

1062 1338 1194 1388 igitur
1227 1338 1438 1391 deinceps
1476 1340 1656 1390 sperare
1688 1340 1899 1390 poterunt

1063 1395 1393 1441 excusationem
1417 1395 1516 1444 viri,
1551 1395 1587 1435 si
1615 1394 1772 1435 molles
1802 1394 1898 1443 sint,

1062 1456 1106 1492 et
1124 1451 1286 1502 ignavi3
1311 1464 1443 1503 quam
1462 1464 1568 1492 vero
1588 1451 1777 1500 veniam,
1798 1463 1899 1491 cum

1062 1507 1234 1549 fortiter
1259 1521 1310 1549 ac
1336 1508 1518 1550 viriliter
1550 1520 1597 1548 se
1624 1512 1779 1558 gerant
1808 1520 1898 1548 mu-

1062 1563 1206 1613 lieres,
1244 1577 1343 1606 cum
1377 1564 1489 1606 adeo
1518 1577 1566 1605 se
1598 1565 1813 1614 generose
1841 1563 1898 1604 ad

1062 1621 1302 1662 certamina
1321 1621 1497 1673 pietatis
1518 1619 1771 1670 accingant?

1112 1678 1163 1729 Rz.
1198 1677 1403 1718 Dilexisti
1431 1677 1654 1729 justitiam,
1692 1681 1736 1718 et
1765 1675 1898 1718 odisti

1058 1732 1349 1785 iniquitatem:
1378 1733 1401 1756 *
1430 1734 1673 1786 Propterea
1701 1733 1826 1774 unxit
1853 1737 1897 1773 te

1057 1788 1198 1839 Deus,
1253 1790 1375 1831 Deus
1421 1795 1522 1831 tuus
1574 1789 1673 1831 oleo
1720 1789 1896 1830 laetitiae.

1061 1841 1111 1893 V.
1136 1846 1324 1898 Propter
1353 1846 1597 1895 veritatem,
1626 1851 1670 1887 et
1697 1858 1895 1886 mansue-

1057 1900 1267 1952 tudinem,
1290 1908 1334 1944 et
1351 1902 1569 1954 justitiam.
1596 1902 1850 1953 Propterea.

1362 1957 1514 1998 Lectio
1535 1958 1588 1997 vi.

1060 2010 1203 2114 Fuit
1235 2013 1297 2054 illi
1330 2027 1491 2066 corpus
1524 2013 1809 2063 imbecillum,
1848 2018 1892 2055 et

1145 2069 1364 2111 obnoxius
1379 2083 1510 2111 sexus
1523 2070 1707 2122 injuriae3
1722 2072 1891 2111 verum-

1056 2130 1204 2167 tamen
1224 2127 1418 2167 omnium
1442 2126 1601 2168 horum
1620 2125 1892 2167 imbecillita-

1056 2186 1147 2222 tem
1183 2182 1420 2224 adveniens
1461 2183 1603 2234 gratia
1641 2182 1891 2224 occultavit.

1055 2237 1175 2279 Nihil
1200 2239 1316 2280 enim
1341 2244 1423 2289 est,
1451 2238 1558 2280 nihil
1582 2238 1713 2292 plane
1737 2240 1890 2291 poten-

1056 2293 1141 2334 tius
1162 2299 1228 2336 est
1248 2307 1317 2344 eo,
1344 2296 1418 2348 qui
1440 2308 1602 2347 magno
1622 2308 1723 2336 cum
1742 2294 1889 2336 studio

1055 2349 1139 2391 Dei
1163 2350 1368 2393 timorem
1391 2351 1554 2393 habeat
1578 2352 1792 2392 in'mente
1818 2350 1890 2391 de-

1055 2405 1207 2457 fixum;
1227 2407 1307 2449 sed
1323 2409 1522 2461 quamvis
1537 2408 1672 2460 ignes,
1690 2406 1889 2459 quamvis

1055 2462 1234 2514 ferrum,
1261 2465 1461 2517 quamvis
1479 2464 1661 2513 bestias,
1689 2462 1889 2515 quamvis

1055 2518 1174 2560 aliud
1204 2521 1377 2572 quidvis
1405 2522 1624 2562 minentur
1647 2519 1815 2567 hostes,
1845 2519 1888 2558 o·

1054 2575 1172 2616 mnia
1183 2576 1302 2618 nullo
1312 2577 1490 2628 negotio
1500 2575 1757 2624 contemnit;
1768 2572 1888 2625 quod

1054 2632 1206 2684 utique
1225 2634 1365 2676 Beata
1384 2634 1469 2675 ista
1487 2634 1620 2674 etiam
1639 2631 1753 2672 fecit.

1106 2690 1157 2740 Rz.
1178 2690 1330 2732 Fallax
1351 2690 1503 2741 gratia.
1524 2688 1636 2741 [106]
1683 2701 1738 2738 75⁴5>

762 2770 1291 2800 *ΛΜ
