2040 2976
421 241 492 275 Die
520 242 570 275 1³5.
596 243 694 285 Aug.

148 337 290 386 Deus,
334 336 457 377 Deus
505 340 606 377 tuus
658 335 757 377 oleo
802 334 979 377 laetitiae.

149 384 198 442 Y'.
224 393 414 445 Propter
439 392 685 443 veritatem,
715 396 758 433 et
782 405 977 433 mansue-

146 449 362 499 tadinem,
391 453 435 490 et
462 449 682 500 justitiam.
734 449 978 501 Propterea

146 506 280 548 unxit.

451 590 599 629 [ectio
622 591 671 629 vi.

189 656 418 699 ncredibili
464 656 597 697 animi
640 669 771 697 sensu
815 656 977 699 Christi

208 714 387 756 Demini
426 715 647 755 tormenta
681 718 724 754 et
757 714 976 755 cruciatus

146 770 438 824 contemplari
466 768 597 810 solita
625 774 730 810 erat.
777 769 976 820 Quadam

145 833 293 870 autem
313 826 383 869 die
403 826 604 868 Salvator
625 825 811 876 divinus,
832 829 974 869 susce-

144 889 222 937 pta
241 883 461 937 peregrini
480 884 680 935 persona,
702 883 889 924 candido
905 897 974 925 ve-

146 943 275 983 stitus
295 942 473 990 amictu,
500 939 694 981 hameris
720 952 894 981 crucem
918 940 975 982 fe-

146 1010 247 1039 rens
282 997 326 1038 in
365 997 455 1047 eius
491 995 627 1037 corde
659 995 975 1048 redemptionis

145 1054 354 1108 mysteria
375 1052 597 1106 impressit
620 1052 815 1094 mirificis
840 1053 975 1103 signis

146 1123 245 1162 quae
284 1110 328 1151 in
369 1111 636 1162 praesentem
679 1121 819 1161 usque
860 1109 976 1150 diem

145 1171 394 1209 cernuntur.
447 1167 499 1206 In
537 1166 627 1217 ejus
666 1179 843 1218 quoque
875 1166 975 1208 felle
1042 1192 1044 1194 Ι
1075 1153 1094 1183 221<
1143 1175 1148 1185 <

143 1229 248 1277 post
278 1228 468 1266 mortem
499 1227 590 1264 tres
618 1222 785 1273 globuli
813 1225 976 1275 reperti

145 1285 262 1331 sunt,
290 1280 496 1331 imagine,
529 1279 678 1321 colore
707 1284 751 1321 et
777 1278 976 1332 pendere

144 1350 286 1391 pares,
306 1342 350 1379 et
368 1337 412 1378 in
431 1337 530 1390 ipsa
548 1336 662 1378 fellis
679 1336 897 1378 vescicula
916 1337 977 1378 ita

146 1394 366 1447 dispositi,
394 1398 443 1435 ut
465 1393 672 1444 trianguli
695 1393 882 1434 formam
906 1406 975 1434 ex-

146 1450 361 1500 hiberent,
414 1450 702 1492 sanctissimae
747 1450 976 1491 Trinitatis

146 1507 395 1560 symbolum
427 1507 679 1549 referentes.
723 1506 976 1559 Prophetiae

146 1564 264 1606 dono
296 1564 494 1614 illastris,
525 1564 666 1605 multa
693 1564 839 1605 futura
866 1576 975 1616 prae-

147 1621 269 1663 dixit.
304 1621 465 1663 Intima
491 1621 810 1671 cogitationum
834 1620 976 1672 inspe-

144 1678 209 1719 xit
228 1691 279 1719 ac
303 1677 528 1728 revelavit3
555 1676 782 1718 sororibus
807 1679 978 1718 secreta

146 1734 385 1787 colloquia,
420 1734 618 1776 occaltas
647 1736 798 1776 earum
826 1746 976 1783 noxas,

148 1791 366 1843 animique
387 1803 516 1833 sensa
531 1791 783 1843 frequenter
799 1789 976 1831 detexit.

149 1847 260 1889 Cum
290 1861 422 1889 unam
455 1860 508 1889 ex
536 1847 693 1889 iisdem
721 1860 746 1888 a
776 1846 976 1888 daemone

148 1904 376 1946 obsessam
403 1904 605 1954 vidisset,
634 1916 731 1945 eam
758 1908 805 1944 ut
832 1902 977 1944 labem

148 1961 367 2003 occultam
380 1962 663 2004 ¹confessione
684 1960 885 2012 expiaret
903 1958 975 2001 ad-

146 2018 326 2060 menuit.
379 2018 581 2071 Denique
612 2023 718 2072 post
750 2017 977 2058 innumera

147 2075 356 2117 virtutum
367 2075 641 2125 documenta,
649 2074 848 2128 pluribus
859 2072 975 2114 clara

146 2131 384 2182 miraculis,
409 2132 616 2174 divinitus
642 2131 698 2174 ad
722 2131 883 2173 coelum
902 2142 975 2170 vo-

147 2190 260 2238 cata,
293 2188 464 2231 decimo
497 2195 622 2231 sexto
656 2187 871 2230 Calendas
903 2186 975 2228 Se-

145 2244 360 2297 ptembris
396 2258 511 2288 anno
551 2245 705 2288 salntis
741 2243 975 2285 millesimo

146 2302 456 2344 tercentesimo
487 2305 663 2352 octavo,
697 2301 839 2343 aetatis
874 2313 975 2352 qua-

147 2356 413 2408 dragesimo,
441 2359 646 2410 migravit
674 2357 731 2399 ad
755 2369 975 2410 sponsum.

147 2413 257 2454 Eam
283 2427 396 2456 anno
419 2415 651 2457 millesimo
672 2413 974 2465 octingentesi-

146 2483 218 2512 mo
243 2473 515 2522 octogesimo
538 2473 697 2525 primo,
731 2470 801 2512 die
827 2470 974 2510 imma-

148 2527 305 2568 culatae
323 2528 409 2570 Dei
429 2529 664 2570 Genitricis
685 2525 975 2579 Conceptieni

147 2595 289 2634 sacro,
326 2584 418 2626 Leo
445 2586 569 2638 Papa
597 2585 792 2627 decimus
819 2582 974 2624 tertius

147 2642 396 2681 sanctarum
419 2642 635 2693 virginum
658 2644 839 2681 numero
864 2638 973 2680 sole-

146 2695 236 2736 mni
254 2696 340 2739 ritu
359 2697 603 2750 adscripsit.

198 2768 248 2818 Rv-
276 2770 528 2820 Afferentus
546 2771 669 2822 Regi.
688 2770 765 2824 [91]

741 244 775 277 S.
802 243 926 277 Clarae
953 255 971 276 a
999 244 1119 278 Crucc
1145 246 1190 278 dc
1217 246 1447 281 Montcl'aIcO
1476 248 1575 289 Virg.

1763 236 1856 281 [349]
1900 196 1902 198 '

1254 345 1301 382 In
1320 345 1389 382 ΙΙΙ,
1402 346 1632 385 'Nocturna

1032 401 1186 442 Lectio
1206 402 1345 443 sancti
1365 402 1591 453 Evangelii
1614 402 1857 444 secundum

1311 458 1581 500 Matthaeum.

1108 522 1257 563 Lectio
1281 526 1345 565 vii.
1595 527 1696 578 Cap.
1713 528 1775 566 25.

1028 573 1106 680 In
1124 578 1199 619 illo
1216 581 1431 632 tempore:
1450 580 1573 621 Dixit
1588 581 1612 620 J
1615 593 1715 621 esus
1732 579 1857 621 disci-

1094 634 1210 687 pulis
1239 636 1328 677 suis
1356 636 1614 689 parabolam
1642 636 1768 678 hanc:
1796 637 1857 678 Si·

1028 691 1131 733 mile
1160 697 1227 733 est
1254 705 1435 743 regnum
1463 692 1675 734 coelorum
1704 693 1857 735 decem

1029 748 1279 799 virginibus,
1300 762 1398 800 quae
1414 749 1678 802 accipientes
1694 750 1855 802 lampa-

1030 804 1107 846 des
1133 818 1235 846 suas
1265 805 1462 847 exierunt
1490 805 1665 847 ebviam
1691 819 1855 859 sponso

1030 866 1074 903 et
1094 874 1282 914 sponsae.
1310 862 1366 903 Et
1384 862 1562 914 reliqua.

1072 948 1263 991 Homilia
1285 949 1324 990 S.
1344 949 1578 1000 Augustini
1596 949 1818 1002 Episcopi.

1148 1017 1264 1051 Sei-ni.
1290 1018 1341 1051 5533.
1368 1018 1413 1051 dc
1440 1018 1576 1061 Script.
1603 1029 1683 1061 cap.
1708 1019 1737 1052 2.

1088 1073 1226 1120 --fizuae
1246 1070 1333 1112 sint
1353 1070 1505 1112 decem
1526 1071 1729 1121 virgines,
1756 1084 1856 1124 qua-

1175 1140 1270 1167 rum
1296 1127 1381 1169 sint
1406 1127 1597 1180 quinque
1617 1127 1856 1180 prudentes

1131 1182 1152 1206 '²¹
1177 1188 1220 1225 et
1240 1184 1432 1236 quinque
1451 1184 1608 1233 stultae,
1627 1196 1715 1225 non
1730 1184 1856 1226 facile

1028 1239 1226 1290 indagari
1251 1245 1413 1293 potest.
1450 1240 1766 1282 Verumtamen
1793 1255 1855 1282 se-

1030 1297 1219 1338 candum
1239 1310 1305 1347 ea,
1337 1310 1435 1349 quae
1463 1297 1658 1339 centinet
1681 1297 1776 1349 ipsa
1800 1298 1855 1339 le-

1029 1354 1132 1404 ctio,
1166 1366 1296 1405 quam
1329 1354 1501 1395 caritati
1532 1359 1691 1395 vestrae
1724 1353 1856 1396 hodie

1029 1410 1148 1451 volui
1175 1410 1367 1460 recitari,
1397 1415 1608 1462 quantum
1635 1410 1741 1451 mihi
1768 1410 1854 1451 Do-

1028 1467 1170 1507 minus
1207 1467 1478 1509 intellectum
1511 1466 1676 1508 donare
1709 1467 1856 1518 digna-

1028 1528 1111 1573 tur,
1130 1536 1217 1564 non
1236 1523 1341 1564 mihi
1358 1524 1530 1565 videtur
1544 1524 1628 1565 ista
1643 1523 1857 1576 parabola

1029 1579 1099 1621 vel
1128 1579 1367 1621 similitudo
1397 1579 1453 1621 ad
1482 1592 1555 1621 eas
1582 1580 1699 1621 solas
1725 1581 1855 1632 perti-

1028 1638 1148 1686 nere,
1176 1649 1275 1688 quae
1294 1637 1473 1689 propria
1493 1642 1538 1678 et
1557 1636 1856 1678 excellentiori

1030 1693 1262 1735 sanctitate
1283 1693 1471 1748 virgines
1496 1693 1540 1733 in
1559 1693 1757 1735 Ecclesia
1783 1706 1855 1734 no-

1029 1750 1264 1800 minantur,
1309 1763 1417 1802 quas
1460 1750 1591 1791 etiam
1631 1750 1856 1792 usitatiore

1030 1806 1248 1848 vocabulo
1269 1807 1622 1848 sanctimoniales
1643 1807 1855 1859 appellari

1031 1864 1352 1904 consuevimus:
1377 1862 1466 1912 sed,
1492 1863 1574 1903 nisi
1597 1863 1734 1912 fallor,
1760 1863 1855 1904 haec

1030 1919 1270 1962 similitado
1317 1919 1374 1961 ad
1419 1920 1666 1960 universam
1707 1919 1854 1961 Eccle-

1030 1977 1139 2017 siam
1162 1977 1363 2029 pertinet.
1400 1976 1624 2026 QuamviS,
1652 1977 1735 2017 etsi
1758 1976 1854 2018 illas

1029 2033 1147 2074 solas
1175 2033 1530 2083 intelligeremus,
1565 2045 1664 2085 quae
1699 2034 1854 2075 sancti-

1028 2090 1242 2131 moniales
1276 2092 1506 2138 vocantur‚
1538 2089 1750 2141 numquid
1783 2089 1854 2131 de-

1029 2159 1124 2187 cem
1143 2145 1264 2187 sunt?
1285 2145 1416 2187 Absit
1434 2151 1482 2187 ut
1501 2150 1622 2187 tanta
1640 2146 1854 2196 virginum

1027 2202 1263 2245 multitudo
1284 2201 1341 2243 ad
1359 2207 1530 2243 tantum
1544 2202 1760 2253 virginum
1779 2205 1854 2243 na-

1027 2273 1195 2302 merum
1232 2260 1475 2300 revocetur.
1538 2259 1671 2300 Forte
1708 2263 1854 2300 autem

1029 2316 1146 2358 dicat
1174 2315 1345 2368 aliquis:
1379 2314 1485 2367 quid
1513 2315 1550 2356 si
1576 2315 1725 2362 multae
1754 2320 1854 2357 sunt

1027 2373 1220 2422 nemine,
1249 2376 1292 2413 et
1315 2377 1406 2414 tam
1430 2384 1584 2424 paucae
1609 2371 1695 2412 sint
1718 2371 1760 2411 in
1783 2383 1852 2412 ve-

1028 2429 1158 2470 ritate
1190 2434 1238 2470 ut
1270 2428 1343 2469 vix
1376 2427 1529 2470 decem
1556 2425 1852 2468 inveniantur?

1027 2485 1129 2526 Non
1148 2486 1209 2527 ita
1229 2489 1307 2527 est.
1351 2484 1466 2526 Nam
1492 2484 1528 2525 si
1554 2483 1670 2525 solas
1699 2482 1853 2524 decem

1026 2541 1210 2593 intelligi
1220 2541 1352 2583 vellet
1363 2541 1514 2590 bonas,
1532 2552 1621 2581 non
1635 2539 1695 2581 ibi
1711 2540 1852 2580 osten-

1029 2598 1153 2640 deret
1201 2598 1394 2650 quinque
1438 2597 1592 2638 fatuas,
1648 2595 1693 2636 Si
1738 2595 1852 2636 enim

1026 2654 1176 2697 multae
1211 2659 1313 2696 sunt
1346 2653 1534 2704 virgines
1568 2664 1667 2703 quae
1694 2653 1851 2693 vocan-

1026 2717 1113 2763 tur,
1154 2724 1288 2764 quare
1325 2714 1479 2752 contra
1515 2708 1706 2760 quinque
1739 2707 1852 2749 estia

1028 2769 1185 2811 domus
1204 2779 1374 2818 magnae
1394 2762 1676 2807 clauduntur?
