2040 2976
150 205 219 240 458

608 204 679 238 Die
706 204 734 237 1.
758 202 937 246 Augusti.

154 299 466 351 quodcumque
508 297 694 339 solveris
736 309 868 349 super
904 302 987 338 ter-

152 368 258 404 ram,
283 355 367 396 erit
386 353 580 396 solutum
605 358 648 395 et
671 353 716 394 in
739 353 876 395 coelis.
921 353 988 394 Et.

155 411 308 453 Gloria
327 411 459 453 Patri.
504 411 572 452 Et.

366 485 416 523 In
443 482 515 522 ΙΙΙ.
543 481 769 521 Nocturno.

152 547 304 589 Lectio
329 545 470 587 sancti
491 545 720 596 Evangelii
746 544 989 586 secundum

436 601 710 643 Matthaeum.

256 661 409 703 Lectio
429 661 498 701 vii.
649 659 753 710 Cap.
768 659 828 698 16.
843 657 883 698 b.

153 721 231 827 In
263 725 339 766 illo
371 725 591 777 tempore:
621 723 758 765 Venit
785 723 914 764 Jesus
947 722 990 763 in

220 786 371 834 partes
395 781 612 822 Caesareae
630 779 838 832 Philippi:
864 784 908 820 et
931 779 990 819 in-

155 838 412 889 terrogabat
429 836 672 889 discipulos
687 848 804 886 suos,
825 835 992 876 dicens:

155 895 297 945 Quem
318 893 469 936 dicunt
493 893 695 934 homines
716 904 814 934 esse
834 892 993 933 Filium

155 949 370 993 hominis?
396 951 452 991 Et
470 949 649 1001 reliqua.

188 1024 384 1066 Homilia
411 1024 451 1065 S.
480 1022 715 1073 Augustini
743 1021 968 1075 Episcopi.

232 1086 290 1119 Ex
307 1095 417 1119 serm.
435 1083 489 1117 29.
509 1083 555 1117 de
574 1081 699 1121 Sanct.
717 1080 757 1114 in
772 1078 913 1113 medio.

165 1144 250 1195 [ἦ
264 1138 361 1179 olus
397 1137 556 1178 Petrus
595 1136 709 1177 inter
749 1134 994 1188 Apostolos

164 1210 259 1279 Q
287 1191 994 1302 &Siussltfflfflss‘pssffiiff'23¹3?ss

158 1321 238 1361 per
257 1307 370 1348 hanc
394 1311 568 1359 petram
589 1304 826 1347 aedificabo
845 1304 996 1346 Eccle-

158 1366 268 1406 siam
282 1376 438 1405 meam.
465 1362 637 1413 Dignus
652 1367 784 1411 certe,
806 1361 880 1414 qui
895 1359 996 1402 aedi-

158 1420 345 1463 ficandis
364 1420 409 1460 in
428 1419 562 1461 domo
580 1418 665 1460 Dei
683 1418 864 1471 populis
883 1417 997 1470 lapis

159 1483 278 1520 esset
293 1476 350 1518 ad
364 1476 707 1524 fundamentum,
723 1474 929 1516 columna
941 1473 998 1515 ad

159 1533 525 1581 sustentaculum,
555 1531 691 1572 clavis
719 1531 777 1572 ad
802 1543 997 1581 regnum.

160 1591 229 1632 De
255 1590 341 1631 hoc
367 1589 427 1630 ait
453 1600 599 1630 sermo
629 1587 816 1629 divinus:
839 1587 897 1629 Et
921 1600 998 1640 po-

160 1647 341 1694 nebant,
374 1646 532 1697 inquit,
565 1644 764 1685 infirmos
796 1656 918 1693 suos,
950 1648 999 1684 ut

161 1703 317 1744 umbra
364 1701 521 1743 saltem
566 1700 837 1742 transeuntis
879 1700 999 1741 Petri

163 1759 450 1801 obumbraret
461 1770 551 1799 eos.
571 1757 615 1797 Si
625 1762 730 1798 tunc
742 1769 876 1809 opem
885 1756 999 1798 ferre

161 1817 339 1868 poterat
374 1814 531 1856 umbra
567 1813 786 1866 corporiS,
835 1818 1000 1865 quanto

163 1872 303 1923 magis
330 1884 446 1912 nunc
473 1869 705 1924 plenitudo
735 1867 934 1911 virtutis?
964 1869 1001 1910 si

164 1934 268 1970 tunc
287 1927 640 1980 supplicantibus
663 1925 876 1979 proderat
895 1939 1002 1967 aura

165 1984 371 2038 quaedam
414 1983 785 2037 pertranseuntis,
835 1988 1001 2035 quanto

163 2041 305 2092 magis
342 2041 484 2091 gratia
522 2052 638 2081 nunc
678 2037 1001 2092 permanentis?

165 2097 324 2138 Merito
344 2109 424 2149 per
441 2109 595 2138 omnes
611 2096 773 2137 Christi
792 2096 1002 2137 ecclesias

165 2166 273 2195 auro
298 2153 535 2205 pretiosius
558 2152 745 2194 habetur
765 2152 931 2193 ferrum
954 2151 1001 2192 il·
1059 2148 1061 2151 ’
1086 2143 1099 2161 '⁶‘

165 2209 243 2251 lud
261 2209 504 2261 poenalium
524 2208 810 2249 vinculorum.

220 2268 272 2320 Κ.
294 2265 391 2316 Ego
420 2277 502 2317 pro
531 2269 575 2306 te
603 2264 757 2315 rogavi
780 2265 925 2314 Petre‚
952 2269 1001 2306 ut

167 2334 257 2363 non
275 2321 454 2363 deficiat
477 2321 590 2362 fides
613 2326 703 2362 tua:
730 2320 753 2345 *
778 2321 835 2362 Et
858 2326 907 2362 tu
930 2320 1002 2362 ali-

169 2376 348 2430 quando
360 2379 601 2418 conversus
616 2377 831 2418 confirma
845 2377 1004 2418 fratres

167 2439 282 2476 tuos.
307 2431 357 2481 V.
380 2433 494 2474 Caro
517 2438 561 2474 et
580 2433 757 2483 sanguis
777 2445 866 2474 non
883 2445 1003 2474 reve-

168 2490 276 2532 lavit
301 2489 393 2538 tibi,
418 2488 497 2530 sed
522 2489 652 2530 Pater
675 2501 810 2538 meus,
837 2489 912 2541 qui
938 2493 1005 2530 est

169 2547 214 2588 in
232 2545 369 2588 coelis.
397 2545 464 2587 Et.

457 2605 610 2646 Lectio
630 2603 713 2643 viii.

240 2663 255 2704 i
273 2668 364 2705 tam
382 2660 655 2703 medicabilis
674 2660 753 2700 fuit
773 2658 1004 2700 obumbra-

261 2719 324 2761 tio
340 2717 571 2766 visitantiS,
592 2721 756 2768 quanto
778 2715 917 2766 magis
937 2727 1004 2756 ca-

984 201 1019 235 S.
1045 199 1150 235 Petri
1174 199 1225 233 ad
1247 198 1424 233 Vincula.

1041 297 1141 337 tena
1160 293 1414 336 vincientis?
1446 294 1492 336 Si
1509 293 1648 334 inanis
1669 291 1874 344 quaedam

1042 352 1214 404 species
1228 353 1382 392 vacuae
1398 349 1599 401 imaginis
1613 348 1777 391 habere
1796 349 1874 401 po-

1041 408 1125 449 tuit
1150 408 1194 448 in
1218 420 1266 449 se
1284 407 1374 449 vim
1397 406 1564 456 salutis,
1590 410 1754 458 quanto
1775 404 1875 457 plus

1042 464 1098 506 de
1139 466 1327 516 corpore
1364 464 1620 505 meruerunt
1654 460 1875 503 attrahere

1043 520 1315 562 salubritatis
1344 520 1486 561 ferreo
1512 518 1711 571 pondere
1739 517 1876 559 sacris

1042 577 1258 630 impressa
1281 575 1491 617 membris
1514 573 1689 616 vincula
1710 573 1877 626 passio-

1043 632 1134 674 nis?
1167 633 1213 674 Si
1233 631 1290 674 ad
1309 631 1517 685 praesidia
1535 629 1878 683 supplicantium

1044 696 1134 732 tam
1166 694 1326 742 potens
1358 689 1439 730 fuit
1474 692 1577 729 ante
1611 685 1878 739 martyrium,

1045 752 1210 799 quanto
1244 745 1384 798 magis
1417 745 1576 786 efficax
1599 748 1703 796 post
1729 743 1878 784 trium-

1044 802 1206 856 phum?
1236 802 1261 852 3
1279 802 1451 843 Felices
1470 801 1533 842 illi
1551 813 1702 850 nexus,
1729 799 1804 852 qui
1823 798 1879 840 de

1044 859 1228 901 manicis
1245 864 1288 900 et
1302 857 1593 911 compedibus
1611 857 1655 897 in
1670 857 1880 898 coronam

1044 916 1255 966 mutandi,
1282 914 1551 968 Apostolum
1577 913 1881 963 contingentes

1045 973 1284 1025 Martyrem
1297 971 1598 1014 reddiderunt.
1616 969 1782 1011 Felicia
1790 971 1880 1010 vin-

1047 1029 1160 1079 cula,
1198 1042 1298 1081 quae
1333 1041 1458 1070 reum
1490 1040 1619 1068 suum
1650 1038 1792 1078 usque
1825 1024 1882 1066 ad

1047 1085 1209 1127 Christi
1224 1097 1399 1127 crucem
1412 1097 1501 1126 non
1515 1089 1606 1125 tam
1621 1082 1882 1125 condemna-

1046 1145 1156 1192 tura,
1177 1155 1309 1194 quam
1328 1143 1642 1183 consecratum
1659 1139 1883 1180 miserunt.

1100 1212 1151 1263 R.
1179 1212 1321 1262 Quem
1358 1210 1510 1252 dicunt
1545 1209 1747 1252 homines
1784 1221 1882 1251 esse

1047 1267 1206 1309 Filium
1230 1265 1443 1308 hominis?
1470 1266 1580 1308 dixit
1601 1266 1627 1307 J
1629 1278 1730 1307 esus
1755 1265 1883 1307 disci-

1048 1324 1166 1378 pulis
1191 1324 1294 1365 suiS.
1326 1322 1621 1376 Respondeas
1638 1322 1797 1364 Petrus
1822 1321 1883 1363 di-

1051 1381 1130 1422 xit:
1148 1381 1218 1422 Tu
1237 1392 1285 1421 es
1306 1379 1506 1422 Christus
1526 1378 1664 1420 Filius
1682 1378 1768 1420 Dei
1785 1377 1884 1420 vivi.

1050 1442 1073 1465 *
1099 1438 1156 1479 Et
1181 1449 1264 1488 ego
1291 1436 1392 1478 dico
1418 1436 1509 1486 tibi,
1535 1435 1637 1488 quia
1662 1439 1711 1476 tu
1736 1447 1783 1476 es
1806 1434 1884 1476 Pe-

1050 1498 1160 1543 trus,
1189 1498 1233 1534 et
1259 1506 1393 1546 super
1416 1492 1530 1534 hanc
1554 1496 1727 1544 petram
1751 1489 1885 1532 aedifi-

1051 1549 1164 1591 cabo
1188 1549 1435 1590 Ecclesiam
1457 1561 1612 1590 meam.
1644 1543 1696 1595 V.
1721 1547 1886 1589 Beatus

1051 1619 1098 1647 es
1123 1606 1275 1647 Simon
1301 1605 1549 1654 Bar-Jona,
1579 1604 1680 1657 quia
1709 1615 1813 1645 caro
1842 1607 1887 1644 et

1052 1662 1228 1713 sanguis
1252 1674 1341 1703 non
1361 1661 1575 1703 revelavit
1593 1660 1686 1707 tibi,
1708 1659 1789 1702 sed
1806 1659 1886 1700 Pa—

1051 1723 1119 1760 ter
1138 1731 1273 1768 meus,
1295 1718 1370 1770 qui
1389 1722 1457 1759 est
1475 1717 1518 1758 in
1538 1717 1674 1758 coelis.
1694 1717 1764 1759 Et.
1783 1715 1887 1758 Glo-

1052 1775 1116 1816 ria
1134 1775 1266 1816 Patri.
1294 1774 1362 1816 Et.

1217 1859 1294 1894 Pro
1312 1857 1458 1892 sanctis
1474 1856 1725 1892 Machabaeis.

1054 1924 1209 1964 Sermo
1229 1921 1370 1963 sancti
1390 1921 1597 1972 Gregorii
1609 1921 1652 1962 N
1654 1918 1889 1962 azianzeni.

1212 1986 1315 2021 Orat.
1331 1986 1392 2020 20.
1409 1985 1449 2019 in
1465 1983 1727 2018 Machabaeos.

1090 2088 1094 2090 ‚
1125 2090 1131 2095 ,
1358 2041 1513 2082 Lectio
1533 2040 1587 2079 ix.
1837 2088 1842 2092 Ἴ

1059 2096 1330 2137 {¹2
1383 2093 1652 2136 Machabaei?
1718 2095 1890 2135 Horum

1175 2152 1291 2194 enim
1309 2152 1486 2193 nomine
1506 2151 1601 2193 dies
1621 2151 1760 2193 festus
1779 2163 1890 2203 prae-

1056 2209 1169 2251 senti
1208 2208 1455 2259 frequentia
1495 2207 1754 2249 celebratur.
1807 2206 1892 2257 Qui

1057 2266 1140 2308 etsi
1165 2263 1284 2318 apud
1310 2264 1474 2306 multos
1500 2277 1589 2306 non
1618 2269 1719 2306 sunt
1742 2263 1788 2304 in
1814 2263 1891 2304 ho-

1055 2324 1184 2371 nore,
1229 2320 1351 2373 quod
1385 2320 1494 2362 illud
1531 2322 1752 2362 certamen
1788 2324 1892 2372 post

1057 2378 1279 2419 Christum
1300 2389 1389 2417 non
1415 2378 1720 2429 susceperunt:
1744 2381 1892 2417 tamen

1058 2434 1179 2485 digni
1207 2439 1308 2475 sunt
1336 2433 1411 2484 qui
1439 2432 1495 2474 ab
1525 2432 1728 2474 omnibus
1754 2431 1891 2473 hono-

1058 2492 1219 2540 rentur,
1247 2490 1350 2541 quia
1375 2501 1458 2541 pro
1483 2489 1637 2541 patriis
1657 2487 1828 2539 legibus
1849 2492 1893 2528 et

1058 2546 1269 2588 institutis
1298 2545 1434 2586 fortes
1467 2546 1810 2596 constantesque
1845 2556 1893 2584 se

1058 2602 1355 2655 praebuerunt.
1394 2601 1510 2642 Nam
1538 2601 1613 2653 qui
1638 2599 1894 2651 martyrium

1060 2659 1235 2700 subiere
1280 2663 1382 2699 ante
1423 2657 1585 2698 Christi
1628 2656 1893 2708 passionem,

1061 2714 1166 2767 quid
1181 2714 1340 2756 facturi
1355 2718 1489 2763 erant,
1504 2713 1541 2754 si
1555 2717 1661 2765 post
1671 2711 1896 2754 Christum
