2040 2976
566 173 637 207 Die
660 173 716 207 28.
741 174 858 207 Junii.
903 173 939 208 S.
963 174 1105 209 Leonis
1129 174 1248 217 Papae
1274 180 1309 209 et
1334 176 1441 210 Conf.

145 268 231 310 Hic
269 267 400 319 fregit
439 267 692 320 superbiam
732 266 975 309 antistitum

145 325 462 374 Ravennatum,
479 324 553 376 qui
569 323 859 366 exarcherum
873 322 975 365 freti

144 380 358 433 potentia,
376 379 479 422 Sedi
498 380 772 433 Apostelicae
790 392 879 421 non
899 378 974 421 ob-

143 436 461 491 temperabant.
502 436 799 487 Quamebrem
827 435 974 478 decre·
1037 450 1071 479 15

144 493 223 543 vit,
249 498 298 535 ut
321 493 479 535 electio
504 493 609 535 cleri
628 492 898 535 Ravennatis
921 494 974 533 ir-

144 549 229 591 rita
256 554 390 600 esset,
421 549 506 591 nisi
530 549 722 592 Romani
745 548 974 591 Pontificis

144 606 405 648 auctoritate
425 605 801 660 comprobaretur.

197 666 249 719 R.
276 663 412 704 Posui
443 662 708 715 adjuterium
735 675 868 715 super
895 675 973 715 po-

142 721 318 769 tentem,
338 724 381 761 et
401 719 589 761 exaltavi
608 719 793 762 electum
812 718 867 761 de
883 719 972 772 ple-

143 775 199 818 be
223 788 337 818 mea:
366 779 389 803 *
410 776 566 817 Manus
593 777 708 818 enim
732 789 831 819 mea
855 776 971 818 auxi-

143 832 320 874 liabitur
334 833 385 874 ei.
411 829 461 880 V.
477 833 630 874 Inveni
639 832 786 875 David
798 845 973 874 servum

143 902 304 940 meum,
329 889 428 932 oleo
449 895 601 932 sancto
620 902 719 931 meo
739 889 843 931 unxi
862 902 973 931 eum.

143 945 298 988 Manus
317 946 443 989 enim.

443 1005 596 1046 Lectio
616 1005 671 1046 vi.

144 1058 309 1166 Vere
335 1065 463 1113 pater
489 1063 737 1114 pauperum
761 1059 857 1101 fuit:
884 1072 972 1101 non

250 1117 366 1159 enim
383 1117 570 1168 pecunia
589 1117 748 1167 solum,
770 1115 850 1158 sed
870 1118 971 1168 epe-

142 1188 205 1226 ra,
223 1174 375 1217 labere
396 1179 440 1216 et
458 1174 652 1216 consiliis
673 1173 894 1225 egentium
912 1173 972 1215 vi-

143 1231 329 1275 duarum
352 1237 396 1274 et
418 1231 687 1285 pupillorum
705 1230 902 1283 inepiam
920 1242 972 1271 ac

142 1288 424 1331 solitudinem
450 1287 720 1331 sublevabat.
757 1287 842 1338 Qui
868 1286 972 1329 dum

143 1345 336 1396 singulos
368 1357 456 1386 non
487 1345 626 1397 magis
655 1343 972 1398 praedicatiene

144 1414 275 1454 quam
291 1402 383 1444 vita
401 1402 458 1444 ad
476 1402 550 1455 pie
569 1403 810 1453 sancteque
826 1401 971 1442 viven-

1790 169 1855 205 367

1132 268 1326 310 Homih'a
1353 267 1493 309 sancti
1519 267 1756 318 Augustini

1329 324 1554 377 Episcopi.

1084 387 1210 422 Tract.
1239 387 1309 421 123.
1335 387 1374 420 in
1397 386 1576 431 Joafiem,
1602 389 1641 422 in
1664 388 1804 423 medio.

1039 489 1041 491 ‚
1081 436 1299 497 ‘ffledditur
1332 436 1554 488 negationi
1585 436 1709 478 trinae
1743 437 1858 478 trina

1039 500 1041 503 “
1140 494 1371 544 confessio,
1389 506 1445 535 ne
1463 493 1606 534 minus
1626 494 1767 535 amoti
1782 493 1857 534 lin-

1027 561 1113 599 gua
1136 550 1316 599 serviat,
1345 562 1477 602 quam
1500 549 1661 591 timeri:
1689 555 1733 592 et
1757 550 1858 603 plus

1028 606 1151 648 vocis
1181 606 1382 649 elicuisse
1408 606 1610 648 videatur
1636 619 1756 648 mors
1782 609 1857 648 im-

1027 662 1214 714 minens,
1248 676 1380 715 quam
1411 662 1502 705 vita
1532 675 1739 715 praesens.
1792 664 1858 705 Sit

1028 719 1190 760 amoris
1224 719 1417 761 officium
1447 720 1633 771 pascere
1664 719 1856 761 Domini-

1029 787 1128 816 cum
1155 788 1350 827 gregem,
1380 776 1417 816 si
1443 775 1525 817 fuit
1552 775 1722 817 timoris
1750 776 1858 818 indi-

1028 831 1142 873 cium
1174 834 1337 883 negare
1369 834 1607 885 pasterem.
1655 834 1739 883 Qui
1772 834 1858 876 hoc

1028 889 1174 931 animo
1215 894 1404 942 pascunt
1444 901 1552 931 oves
1589 889 1764 939 Christi,
1809 896 1858 932 ut

1027 958 1128 986 suas
1159 946 1296 988 velint
1327 959 1442 996 esse,
1480 959 1569 988 non
1602 946 1776 996 Christi,
1810 960 1857 990 se

1027 1002 1347 1045 convincantur
1392 1005 1559 1054 amare,
1603 1016 1692 1046 non
1738 1003 1856 1045 Chri-

1026 1062 1156 1100 stum:
1175 1059 1246 1101 vel
1260 1059 1491 1110 gloriandi,
1506 1060 1576 1101 vel
1592 1060 1856 1110 dominandi,

1026 1114 1097 1156 vel
1148 1116 1404 1168 acquirendi
1456 1116 1714 1170 cupiditate3
1768 1130 1856 1158 non

1027 1171 1281 1222 obediendi,
1300 1178 1343 1214 et
1363 1172 1668 1223 subveniendi,
1695 1179 1739 1216 et
1757 1174 1854 1215 Deo

1025 1227 1228 1280 placendi
1248 1229 1440 1272 caritate.

1081 1285 1142 1326 Te
1161 1285 1305 1327 Deum
1323 1286 1564 1328 laudamus.
1583 1288 1641 1328 13.

1080 1347 1122 1380 In
1148 1347 1267 1381 Laud.
1294 1347 1333 1381 fit
1359 1357 1555 1381 commem.
1583 1348 1661 1382 Oct.

1078 1399 1179 1439 Ant.
1209 1400 1426 1452 Apertum
1451 1405 1518 1442 est
1544 1413 1594 1441 os
1618 1400 1855 1451 Zachariae,

143 1458 248 1500 dum
267 1458 590 1510 adhortaretur3
609 1471 759 1500 mense
778 1458 845 1499 sui
863 1471 971 1510 pon·
1027 1460 1070 1497 et
1089 1456 1384 1509 prophetavit,
1405 1456 1569 1499 dicens:
1589 1456 1854 1500 Benedictus

141 1515 335 1558 tificatus
355 1515 543 1566 decimo,
569 1521 613 1558 et
637 1515 791 1558 diebus
816 1514 972 1558 decem

142 1577 186 1614 et
204 1577 391 1625 septem,
411 1572 683 1615 obdormIvit
701 1573 745 1613 in
763 1572 971 1615 Domino:

142 1629 430 1682 sepultusque
463 1635 531 1672 est
558 1630 602 1671 in
626 1629 809 1671 basilica
832 1629 972 1671 sancti

139 1686 274 1735 Petri,
301 1691 457 1739 quarto
483 1686 709 1728 Kalendas
732 1687 757 1728 J
759 1686 846 1727 ulii.
892 1686 970 1728 Or-

142 1741 363 1785 dinatione
382 1756 469 1785 una
486 1756 637 1786 mense
655 1744 681 1785 J
682 1744 785 1785 unio
806 1743 971 1785 creavit

140 1799 427 1853 presbyteros
445 1813 616 1851 novem,
636 1801 849 1843 diaconos
867 1805 970 1850 tres,

141 1858 377 1910 episcopos
406 1856 592 1899 diversis
615 1857 660 1899 in
685 1857 795 1899 locis
818 1857 971 1909 viginti

139 1917 241 1955 tres.

190 1972 243 2024 Rz.
271 1970 363 2013 Iste
383 1976 449 2013 est
469 1972 554 2024 qui.
573 1971 658 2025 [54]

189 2033 322 2069 InrrIH.
344 2034 543 2069 Nocturno
568 2034 741 2068 Homilia
766 2034 804 2068 in
820 2034 966 2077 Evang.

139 2081 266 2116 Homo
298 2081 469 2124 peregre.
505 2083 555 2116 de
594 2083 730 2117 eodem
764 2083 967 2117 Communi

140 2129 167 2163 1.
191 2130 289 2164 loco.
318 2129 387 2172 [56]

138 2186 270 2221 Lectio
294 2187 344 2221 ix.
370 2187 417 2221 de
440 2187 585 2230 Vigilia
608 2186 665 2221 Ss.
687 2186 967 2230 Apostolorum

398 2234 503 2268 Petri
527 2239 563 2269 et
586 2234 708 2268 Pauli.

138 2287 289 2330 Lectio
311 2288 451 2330 sancti
469 2288 697 2340 Evangelii
722 2288 966 2330 secundum

439 2344 464 2385 J
466 2346 665 2387 oannem.

216 2404 366 2445 Lectio
387 2404 440 2444 ix.
664 2403 766 2456 Cap.
781 2405 839 2443 21.
855 2416 888 2444 c.

186 2480 214 2507 n
241 2466 317 2508 illo
349 2468 567 2518 tempore:
598 2466 721 2508 Dixit
748 2466 876 2508 Jesus
905 2466 966 2508 Si·

203 2523 323 2564 meni
346 2522 495 2563 Petro:
522 2523 672 2565 Simon
695 2523 721 2564 J
723 2523 876 2565 oannis
905 2522 966 2566 di-

138 2578 237 2630 ligis
254 2592 326 2620 me
344 2579 445 2631 plus
463 2577 556 2620 his?
583 2578 641 2621 Et
659 2578 837 2630 reliqua.

1025 1511 1147 1558 Deus
1166 1512 1314 1554 Israel.
1916 1557 1920 1561 ,

1077 1565 1127 1617 V.
1150 1569 1241 1611 Iste
1265 1582 1375 1622 puer
1394 1583 1577 1621 magnus
1598 1582 1748 1612 coram
1767 1570 1855 1612 De-

1024 1625 1155 1667 mino.
1194 1628 1244 1679 R».
1268 1626 1383 1667 Nam
1407 1631 1451 1668 et
1472 1640 1626 1668 manus
1647 1628 1737 1678 ejus
1757 1639 1856 1668 cum

1024 1681 1124 1735 ipso
1144 1687 1222 1724 est.

1364 1737 1525 1778 Oratio.

1025 1794 1207 1900 DeuS,
1240 1795 1315 1847 qui
1342 1797 1607 1848 praesentem
1635 1795 1752 1838 diem
1780 1796 1855 1839 ho·

1118 1850 1360 1892 norabilem
1379 1851 1507 1893 nobis
1527 1853 1571 1893 in
1589 1851 1708 1895 beati
1723 1853 1749 1894 J
1751 1855 1853 1895 oan-

1023 1904 1350 1949 n'is‘nativitate
1381 1908 1537 1950 fecisti:
1583 1908 1640 1950 da
1676 1909 1853 1962 pepulis

1023 1963 1110 2005 tuis
1139 1964 1431 2016 spiritualium
1461 1965 1648 2015 gratiam
1674 1965 1853 2018 gaudie-

1023 2032 1136 2070 rum;
1169 2025 1213 2062 et
1241 2021 1434 2062 omnium
1460 2021 1657 2063 fidelium
1683 2028 1853 2065 mentes

1024 2075 1162 2127 dirige
1180 2076 1225 2117 in
1245 2077 1361 2118 viam
1379 2078 1533 2120 salutis
1553 2080 1742 2120 aeternae.

1077 2137 1226 2170 Dcindc
1254 2136 1421 2179 Vigiliae,
1454 2136 1542 2169 Ant.
1576 2136 1625 2169 ad
1649 2136 1790 2170 Bened.
1817 2142 1853 2170 et

1023 2181 1067 2227 V.
1087 2186 1133 2219 de
1151 2185 1264 2219 Feria
1282 2190 1516 2226 occurrente,
1536 2190 1577 2218 ut
1594 2184 1633 2218 in
1650 2184 1850 2218 Psultcrio.

1357 2242 1520 2282 Oratio.

1104 2306 1253 2352 raesta,
1287 2304 1540 2355 quaesumus
1572 2306 1850 2357 omnipotens

1120 2358 1257 2399 Deus:
1283 2363 1333 2400 ut
1359 2359 1595 2401 nullis'nos
1620 2362 1849 2412 permittas

1020 2414 1425 2467 perturbati6nibus
1445 2417 1638 2466 cc‘mcuti,
1667 2429 1779 2469 quos
1804 2417 1848 2457 in

1021 2471 1280 2524 apostelicae
1310 2473 1599 2514 confessionis
1617 2477 1753 2525 'petra
1780 2485 1847 2514 so-

1019 2527 1177 2570 lidasti.
1206 2528 1292 2570 Per
1309 2529 1557 2571 Dominum.

1072 2588 1187 2632 Vesp.
1214 2589 1261 2622 de
1286 2588 1463 2632 sequenti
1487 2588 1612 2623 Festo.

671 2682 1304 2722 W
