2040 2976
743 400 1300 451 ITINERARIUM.

217 524 390 559 Clericus
422 525 461 558 in
499 524 587 567 ipso
619 520 767 556 itineris
803 520 992 561 ingressu,

164 573 195 606 si
227 574 334 607 solus
364 572 495 614 fucrit,
528 571 632 605 dicat
663 579 750 613 quac
781 570 993 611 sequuntur

164 621 203 654 in
228 621 430 663 singulari:
456 620 490 654 si
514 629 599 653 cuni
624 617 757 659 sociis,
783 616 821 649 in
842 615 992 658 plurali.

216 682 313 722 Ant.
334 682 386 721 In
404 680 520 722 viam
538 679 671 732 pacis.

336 760 561 800 Canticum
583 758 819 799 Zachariae.

468 829 583 863 Lucae
604 829 630 863 1.
654 839 686 871 g.

157 890 463 997 Benedictus
478 893 694 935 Deminus
708 892 829 933 Deus
839 890 987 939 Israel,

256 953 279 978 ¹⁸¹
300 951 402 1004 quia
415 950 621 1000 visitavit,
640 954 684 991 et
697 948 801 991 fecit
819 946 986 989 redem-

157 1010 354 1062 ptienem
372 1007 515 1061 plebis
536 1020 641 1048 suae:

208 1066 267 1108 Et
294 1065 432 1107 erexit
460 1077 596 1106 cornu
624 1063 776 1105 salutis
804 1061 946 1103 nobis:
965 1061 988 1086 *

157 1124 202 1165 in
220 1122 353 1165 domo
373 1120 519 1163 David
537 1120 663 1174 pueri
682 1120 759 1161 sui.

210 1180 330 1222 Sicut
353 1179 527 1221 locutus
552 1183 619 1219 est
643 1190 723 1230 per
748 1189 798 1218 os
819 1176 987 1216 sancto-

158 1251 269 1286 rum,
288 1237 312 1263 *
333 1236 407 1288 qui
426 1248 452 1276 a
471 1234 635 1276 saeculo
659 1239 775 1283 sunt,
800 1231 987 1285 prophe-

157 1296 300 1336 tarum
319 1293 426 1345 ejus:

210 1350 405 1393 Saletem
429 1362 484 1391 ex
502 1348 687 1390 inimicis
706 1347 883 1396 nostris,
903 1348 926 1373 *
947 1351 990 1388 et

158 1407 214 1450 de
233 1420 364 1448 manu
383 1406 585 1455 omnium,
604 1405 678 1457 qui
693 1403 880 1446 oderunt
894 1416 990 1445 nos:

210 1463 283 1506 Ad
341 1461 587 1505 faciendam
643 1459 990 1502 misericordiam

159 1534 259 1563 cum
285 1519 486 1574 patribus
512 1518 690 1560 nostris:
708 1518 732 1544 *
756 1523 800 1560 et
827 1529 988 1559 memo-

158 1578 246 1619 rari
263 1576 514 1619 testamenti
533 1576 600 1617 sui
618 1575 767 1617 sancti.

210 1635 235 1676 J
237 1632 535 1686 usjurandum,
578 1631 698 1685 quod
738 1631 894 1684 juravit
934 1631 991 1674 ad

159 1690 384 1734 Abraham
402 1695 574 1744 patrem
592 1694 803 1739 nostrum,
822 1690 846 1716 *
866 1688 989 1730 datu-

159 1761 256 1790 rum
274 1760 322 1790 se
339 1747 484 1789 nobis:

210 1805 270 1847 Ut
298 1804 390 1846 sine
413 1804 587 1854 timere,
617 1802 672 1845 de
699 1815 831 1844 manu
855 1802 989 1843 inimi-

161 1863 312 1903 cerum
326 1862 578 1903 nostrorum
591 1859 778 1911 liberati,
792 1859 816 1886 *
831 1859 991 1901 servia-

160 1931 257 1959 mus
276 1917 348 1959 illi.

135 2018 138 2021 ,
212 1975 264 2016 In
292 1974 538 2024 sanctitate,
576 1978 620 2015 et
652 1972 816 2026 justitia
843 1985 993 2014 coram

161 2032 271 2085 ipso,
290 2032 314 2057 *
334 2030 535 2073 omnibus
555 2029 711 2072 diebus
729 2029 902 2071 nostris.

213 2089 271 2131 Et
298 2094 347 2130 tu
373 2100 499 2141 puer,
525 2086 752 2140 Propheta
778 2085 993 2127 Altissimi

162 2144 407 2187 vocaberis:
425 2145 449 2171 *
468 2143 647 2198 praeibis
671 2143 786 2185 enim
810 2147 909 2184 ante
933 2143 992 2184 fa-

163 2202 275 2243 ciem
293 2202 470 2243 Demini
488 2203 646 2254 parare
666 2200 759 2242 vias
779 2200 884 2252 ejus:

215 2258 287 2300 Ad
334 2258 524 2300 dandam
570 2257 795 2299 scientiam
841 2255 993 2298 salutis

163 2314 284 2368 plebi
298 2315 405 2367 ejus:
421 2315 445 2341 *
460 2315 504 2355 in
523 2314 824 2356 remissionem
838 2325 992 2366 pecca-

162 2373 309 2413 terum
328 2374 495 2413 eorum:

213 2428 299 2470 Per
312 2431 481 2470 viscera
496 2426 810 2470 misericordiae
821 2426 906 2468 Dei
918 2439 992 2468 no-

165 2485 257 2527 stri:
269 2485 292 2510 *
304 2485 348 2525 in
364 2484 522 2537 quibus
536 2484 728 2526 visitavit
741 2496 834 2533 nos,
851 2483 994 2524 oriens

166 2554 221 2583 ex
239 2541 344 2583 alto:

216 2598 467 2640 Illuminare
482 2597 560 2648 his,
580 2597 656 2649 qui
669 2597 713 2638 in
725 2596 930 2646 tenebris,
952 2602 996 2639 et

165 2656 210 2696 in
230 2654 385 2697 umbra
407 2654 562 2697 mortis
585 2653 754 2696 sedent:
772 2654 796 2680 *
816 2652 873 2695 ad
897 2653 994 2696 diri-

165 2710 334 2810 gegdos
349 2710 488 2765 pedes
498 2716 675 2754 nostros
684 2711 728 2751 in
738 2710 854 2752 viam
862 2711 996 2764 pacis.

281 2769 374 2810 oria
392 2768 523 2810 Patri.

1099 517 1197 556 Ant.
1223 518 1273 558 ln
1298 517 1414 559 viam
1435 516 1559 569 pacis
1583 521 1626 558 et
1649 515 1869 569 prosperi-

1038 574 1142 616 tatis
1162 573 1320 625 dirigat
1338 586 1421 616 nos
1439 575 1717 625 omnipotens
1738 577 1782 614 et
1795 572 1870 612 mi-

1040 631 1227 673 sericors
1251 631 1481 672 Dominus:
1507 635 1550 671 et
1570 629 1766 680 Angelus
1785 629 1870 670 Ra-

1038 687 1170 741 phael
1198 688 1431 729 comitetur
1461 686 1692 728 nobiscum
1719 685 1763 726 in
1790 685 1871 735 via,

1039 754 1088 791 ut
1107 761 1206 790 cum
1224 758 1350 799 pace,
1377 743 1534 793 salute,
1562 747 1605 784 et
1627 741 1789 794 gaudio
1807 755 1870 783 re-

1040 807 1262 848 vertamur
1281 801 1338 844 ad
1357 801 1548 855 prepria.

1097 866 1231 919 Kyrie
1261 864 1436 906 eleison.
1494 863 1666 905 Christe
1696 861 1872 903 eleison.

1046 924 1180 977 Kyrie
1204 922 1380 964 eleison.

1094 987 1224 1026 Pater
1242 987 1404 1025 noster.
1431 989 1611 1025 secreto.

1099 1043 1149 1092 V.
1174 1046 1232 1087 Et
1262 1058 1316 1086 ne
1344 1057 1425 1085 nos
1453 1041 1636 1085 inducas
1663 1042 1708 1082 in
1736 1045 1872 1082 tenta-

1041 1105 1216 1147 tionem.

1099 1165 1149 1215 R.
1172 1158 1260 1202 Sed
1282 1158 1421 1200 libera
1444 1170 1526 1198 nos
1546 1170 1572 1198 a
1590 1155 1718 1196 malo.

1099 1216 1149 1267 Ns.
1173 1216 1328 1259 Salvos
1347 1215 1415 1256 fac
1435 1226 1587 1255 servos
1606 1217 1718 1254 tuos.

1098 1278 1149 1328 R.
1172 1274 1293 1315 Deus
1312 1285 1436 1313 meus
1456 1272 1684 1324 sperantes
1704 1269 1748 1309 in
1766 1273 1822 1310 te.

1101 1330 1149 1383 Ns.
1166 1335 1292 1376 Mitte
1310 1332 1439 1375 nobis
1458 1332 1646 1373 Demine
1666 1330 1875 1372 auxilium

1044 1393 1099 1435 de
1118 1397 1283 1434 sancto.

1100 1451 1150 1503 R.
1175 1449 1231 1490 Et
1251 1447 1306 1489 de
1325 1447 1430 1489 Sion
1448 1449 1572 1489 tuere
1592 1457 1685 1486 nos.

1100 1506 1150 1558 V.
1164 1510 1274 1551 Esto
1294 1508 1423 1550 nobis
1438 1507 1626 1550 Demine
1643 1506 1775 1548 turris
1789 1505 1874 1547 for-

1043 1566 1253 1609 titudinis.

1100 1626 1150 1677 R:-
1165 1624 1206 1664 A
1225 1623 1336 1664 facie
1356 1622 1528 1663 inimici.

1100 1681 1151 1733 V.
1178 1683 1298 1726 Nihil
1342 1682 1547 1736 proficiat
1592 1681 1791 1721 inimicus
1832 1679 1876 1719 in

1044 1741 1185 1784 nobis.

1102 1801 1152 1840 R
1174 1799 1231 1840 Et
1260 1797 1376 1839 filius
1403 1795 1645 1848 iniquitatis
1680 1807 1769 1835 non
1803 1806 1875 1845 ap-

1044 1858 1182 1909 penat
1199 1857 1359 1897 nocere
1378 1853 1518 1895 nobis.

1102 1908 1152 1960 Y.
1165 1911 1433 1954 Benedictus
1447 1909 1662 1951 Demjnus
1683 1906 1754 1949 die
1770 1919 1875 1959 quo·

1045 1969 1163 2012 tidie.

1103 2028 1154 2079 Ei.
1175 2026 1444 2078 Presperum
1470 2024 1555 2064 iter
1585 2022 1717 2063 faciat
1747 2021 1876 2064 nobis

1046 2084 1168 2125 Deus
1188 2081 1445 2124 salutarium
1464 2081 1727 2121 nostrorum.

1101 2135 1153 2188 V.
1171 2139 1280 2182 Vias
1299 2143 1398 2180 tuas
1415 2136 1603 2179 Domine
1623 2134 1877 2178 demenstra

1046 2196 1185 2239 nobis.

1102 2253 1153 2304 R.
1174 2253 1232 2295 Et
1252 2252 1429 2296 semitas
1448 2257 1546 2294 tuas
1566 2251 1703 2294 edoce
1723 2263 1816 2292 nos.

1102 2306 1154 2357 V.
1165 2310 1344 2352 Utinam
1358 2309 1599 2362 dirigantur
1609 2309 1692 2351 viae
1702 2312 1878 2350 nostrae.

1103 2368 1155 2420 R.
1177 2366 1251 2410 Ad
1274 2366 1586 2409 custodiendas
1612 2364 1877 2419 justificatio-

1047 2438 1126 2467 nes
1152 2429 1261 2467 tuas.

1104 2476 1155 2527 V·
1167 2482 1308 2524 Erunt
1326 2494 1464 2534 prava
1482 2481 1526 2522 in
1546 2480 1722 2522 directa.

1104 2537 1155 2602 I}
1169 2539 1227 2581 Et
1246 2541 1403 2591 aspera
1422 2538 1466 2579 in
1484 2538 1578 2580 vias
1598 2537 1762 2590 planas.

1051 2653 1080 2695 d
1109 2594 1155 2640 V·
1177 2595 1358 2648 Angelis
1387 2595 1477 2637 suis
1504 2595 1625 2637 Deus
1653 2592 1878 2635 mandavit

1082 2666 1106 2695 e
1126 2659 1182 2695 te.

1107 2709 1156 2761 Ru
1169 2711 1229 2753 Ut
1256 2710 1505 2752 custodiant
1532 2713 1576 2750 te
1604 2708 1648 2748 in
1676 2706 1878 2749 Omnibus

1050 2767 1132 2809 viis
1150 2768 1247 2809 tuis.
