2040 2976
640 212 849 245 Commune
876 210 1122 244 Confessoris
1148 221 1222 243 non
1251 210 1458 243 l'ontilicisx

188 311 311 360 titur,
338 311 393 352 de
412 309 631 351 bonorum
647 306 1019 361 prosperitatibus

190 367 316 418 quasi
353 366 408 408 de
444 365 638 418 propriis
673 364 869 414 laetatur,
906 362 1021 404 sacri

189 422 313 464 verbi
346 421 510 475 pabula
543 422 590 462 in
625 425 773 462 mente
805 419 1019 461 sollicitus

188 479 398 528 taminat,
439 482 483 519 et
517 477 752 529 inquisitus
791 474 1020 528 quodlibet

190 534 337 587 eloqui
356 534 590 587 dupliciter
607 533 791 584 ignorat.

246 592 296 643 Rg.
320 591 412 632 Iste
431 590 576 632 homo.
589 588 680 642 [72]

410 666 458 703 In
486 664 556 703 ΙΙΙ.
583 664 806 702 Nocturno.

194 727 347 771 Lectio
372 715 511 770 sancti
531 726 760 778 Evangelii
778 725 1020 767 secandum

517 783 694 825 Lucam.

297 844 448 884 Lectio
469 844 536 884 vii.
683 845 784 896 Cap.
806 845 860 883 12.
882 844 920 883 d.

237 913 266 940 n
284 899 359 941 illo
378 901 595 952 tempore:
614 899 737 940 Dixit
750 899 775 939 J
778 911 878 940 esus
896 897 1021 939 disci-

254 955 370 1008 pulis
399 956 505 996 suis:
530 954 681 996 Nolite
707 955 862 996 timere
889 954 1021 1006 pusil-

189 1011 257 1052 lus
272 1024 391 1062 grex,
412 1012 514 1064 quia
532 1010 800 1063 complacuit
813 1010 935 1051 Patri
951 1023 1021 1052 ve-

189 1071 281 1109 stro
298 1067 404 1109 dare
414 1067 543 1110 vobis
556 1079 750 1118 regnum.
771 1066 830 1107 Et
843 1066 1022 1118 reliqua.

285 1136 476 1178 Homilia
502 1135 765 1178 venerabilis
794 1135 931 1177 Bedae

473 1192 738 1245 Presbyteri.

318 1252 399 1286 Lib.
424 1253 453 1286 4.
480 1252 572 1295 Cap.
597 1253 649 1286 54.
675 1253 714 1286 in
738 1252 827 1286 Luc.
855 1253 903 1286 12.

194 1311 273 1360 3²25sz
284 1304 481 1391 ,usinum
490 1317 670 1356 gregem
685 1304 936 1353 electorum,
952 1304 1022 1345 vel

199 1394 300 1443 ἡι
323 1360 828 1469 amara-{azaz}
845 1362 1022 1469 aaa?

187 1473 275 1514 tius
294 1472 352 1514 ob
371 1472 629 1514 humilitatis
648 1472 930 1514 devotionem
947 1475 1022 1514 no-

189 1529 341 1571 minat:
388 1529 490 1582 quia
534 1528 741 1571 videlicet
778 1529 1023 1570 Ecclesiam

189 1598 314 1626 suam
330 1585 601 1638 quantalibet
610 1585 925 1627 numerositate
937 1586 1023 1637 jam

190 1640 435 1691 dilatatam,
462 1646 611 1683 tamen
638 1653 778 1693 usque
806 1640 864 1682 ad
890 1641 1023 1682 finem

188 1696 341 1739 mundi
358 1697 604 1739 humilitate
622 1696 717 1738 vult
735 1698 952 1747 crescere,
980 1702 1024 1738 et

190 1752 248 1795 ad
270 1755 541 1806 promissum
569 1766 754 1804 regnum
778 1752 1023 1795 humilitate

189 1812 430 1862 pervenire.
483 1809 682 1862 Ideoque
719 1810 810 1861 ejus
846 1809 1023 1851 labores

189 1864 351 1908 blande
379 1866 654 1915 consolatus,
684 1878 816 1918 quam
840 1878 1024 1917 regnum

190 1921 275 1962 Dei
297 1926 468 1963 tantum
493 1923 691 1974 quaerere
719 1921 938 1974 praecipit,
968 1923 1023 1963 ei-

192 1977 293 2019 dem
311 1990 495 2029 regnum
509 1990 535 2018 a
550 1978 682 2019 Patre
697 1977 893 2019 dandum
908 1989 1024 2019 com-

190 2033 354 2085 placita
371 2033 640 2086 benignitate
659 2033 887 2086 promittit.

248 2092 413 2143 R-Iste
442 2099 510 2136 est
538 2094 613 2146 qui
641 2098 742 2135 ante
765 2094 910 2136 Deum
936 2106 1024 2135 ma-

191 2162 299 2201 gnas
326 2150 511 2192 virtates
540 2152 750 2203 operatus
780 2155 863 2200 est,
897 2155 941 2192 et
969 2149 1024 2191 de

192 2206 312 2247 omni
326 2206 461 2248 corde
473 2219 554 2248 suo
564 2205 761 2248 laudavit
770 2206 1023 2247 Dominum:

196 2258 218 2282 *
240 2262 345 2316 Ipse
373 2262 618 2304 intercedat
643 2275 727 2315 pro
755 2263 952 2315 peccatis
981 2265 1024 2303 o-

192 2319 357 2360 mnium
376 2319 653 2372 populorum.
682 2311 731 2362 Ys-
753 2319 870 2360 Ecce
889 2319 1024 2360 homo

193 2375 287 2416 sine
303 2375 491 2427 querela,
510 2387 641 2416 verus
655 2375 741 2417 Dei
755 2375 908 2425 cultor,
928 2375 1024 2416 abs-

193 2431 336 2472 tinens
365 2444 412 2472 se
438 2431 493 2472 ab
520 2431 638 2472 omni
662 2433 798 2484 opere
817 2431 952 2480 malo,
982 2436 1026 2472 et

193 2488 455 2539 permanens
474 2487 519 2528 in
532 2487 782 2529 innocentia
796 2499 885 2528 sua.
911 2487 1026 2539 Ipse.

487 2540 637 2581 Lectio
658 2541 739 2581 viii.

285 2602 432 2644 endite
458 2615 556 2654 quae
575 2602 832 2655 possidetis,
857 2607 900 2644 et
924 2601 1026 2644 date

299 2659 635 2711 eleemosynam.
673 2658 839 2708 Nolite,
870 2659 1026 2710 inquit,

193 2715 358 2766 timere,
377 2727 432 2756 ne
450 2718 635 2767 propter
652 2726 835 2765 regnum
848 2714 933 2756 Dei
950 2715 1026 2756 mi-

1071 305 1315 355 litantibus,
1356 305 1482 357 hujus
1520 305 1622 346 vitae
1658 305 1909 346 necessaria

1074 361 1233 402 desint:
1271 361 1375 413 quin
1408 362 1540 403 etiam
1571 363 1781 414 possessa
1807 373 1907 413 pro-

1073 422 1172 469 pter
1197 417 1523 470 eleemosynam
1546 417 1734 459 vendite.
1777 416 1908 468 Quod

1072 478 1178 514 tunc
1202 472 1332 525 digne
1356 473 1421 523 fit,
1451 473 1628 526 quando
1655 474 1752 526 quis
1772 473 1909 515 semel

1072 541 1154 581 pro
1177 529 1370 570 Domino
1395 530 1486 570 suis
1510 529 1713 571 omnibus
1738 530 1908 582 spretis,

1073 584 1355 626 nihilominus
1382 591 1487 638 post
1514 586 1611 627 haec
1638 586 1792 627 labore
1819 587 1908 627 ma-

1072 654 1224 691 nuum,
1251 641 1368 683 unde
1396 646 1440 683 et
1464 642 1630 683 victum
1655 643 1908 693 transigere,

1074 701 1119 738 et
1145 697 1470 749 eleemosynam
1499 697 1605 740 dare
1635 703 1778 751 queat,
1807 711 1908 751 ope-

1074 755 1206 795 ratur.
1246 753 1374 795 Unde
1405 754 1620 805 gloriatur
1651 754 1909 807 Apostolus,

1075 809 1243 851 dicens:
1267 810 1529 860 Argentum,
1549 815 1625 851 aut
1643 823 1815 860 aurum,
1835 815 1910 852 aut

1074 870 1244 907 vestem
1263 866 1423 907 nullius
1444 866 1694 919 concupivi:
1718 867 1805 919 ipsi
1829 867 1909 908 sci-

1074 922 1146 972 tis,
1174 923 1382 974 quoniam
1402 922 1459 964 ad
1479 935 1531 964 ea
1551 935 1650 974 quae
1669 922 1776 963 mihi
1796 935 1909 975 opus

1076 983 1216 1028 erant,
1241 983 1285 1020 et
1309 978 1377 1019 his
1403 979 1477 1030 qui
1495 991 1669 1020 mecum
1692 983 1810 1029 sunt,
1834 979 1909 1020 mi-

1075 1035 1371 1076 nistraverunt
1406 1047 1562 1076 manus
1597 1035 1706 1076 istae.
1752 1035 1910 1076 Omnia

1076 1090 1251 1132 ostendi
1278 1091 1421 1140 vobis,
1459 1091 1667 1143 quoniam
1699 1091 1762 1132 sic
1789 1091 1909 1133 labo-

1075 1149 1223 1189 rantes
1247 1149 1427 1200 oportet
1452 1149 1678 1199 suscipere
1700 1147 1910 1189 infirmos.

1131 1208 1181 1259 R.
1197 1208 1292 1249 Sint
1306 1207 1445 1249 lumbi
1458 1208 1595 1249 vestri
1608 1208 1848 1260 praecincti,
1866 1213 1910 1250 et

1074 1263 1266 1305 lucernae
1294 1263 1501 1305 ardentes
1535 1264 1580 1304 in
1607 1264 1811 1306 manibus
1839 1278 1909 1306 ve-

1076 1320 1192 1361 stris:
1206 1320 1227 1342 *
1237 1320 1294 1361 Et
1306 1332 1388 1361 vos
1400 1320 1563 1361 similes
1574 1319 1824 1362 hominibus
1839 1333 1908 1362 ex-

1076 1375 1380 1428 spectantibus
1392 1376 1619 1418 dominum
1629 1389 1768 1426 suum,
1786 1390 1911 1429 quan-

1076 1432 1134 1473 do
1150 1434 1398 1474 revertatur
1415 1445 1440 1473 a
1455 1433 1631 1485 nuptiis.
1653 1430 1701 1477 N.
1717 1433 1911 1484 Vigilate

1077 1501 1194 1540 ergo,
1215 1488 1318 1540 quia
1336 1489 1514 1530 nescitis
1535 1501 1623 1540 qua
1637 1489 1747 1530 hora
1760 1490 1909 1531 Domi-

1075 1558 1156 1586 nus
1189 1549 1337 1586 vester
1367 1548 1578 1586 venturus
1612 1545 1679 1586 sit.
1734 1546 1791 1587 Et
1818 1559 1910 1587 vos.

1079 1600 1229 1642 Gloria
1246 1601 1378 1642 Patri.
1411 1601 1468 1642 Et
1486 1614 1580 1643 vos.

1382 1666 1533 1705 Lectio
1554 1666 1606 1704 ix.

1077 1720 1275 1825 Facite
1311 1726 1439 1769 vobis
1476 1726 1679 1768 sacculos
1715 1728 1789 1780 qui
1820 1741 1909 1769 non

1179 1785 1479 1825 veterascunt:
1515 1783 1818 1835 eleemosynas
1850 1784 1909 1826 vi-

1077 1839 1236 1881 delicet
1256 1839 1504 1892 operando,
1534 1853 1719 1892 quarum
1741 1852 1911 1881 merces

1075 1895 1119 1935 in
1143 1897 1358 1936 aeternum
1376 1897 1563 1937 maneat.
1599 1895 1687 1937 Ubi
1710 1908 1801 1937 non
1825 1895 1911 1937 hoc

1075 1953 1352 2004 praeceptum
1372 1964 1470 1993 esse
1490 1951 1738 2004 putandum
1757 1956 1842 2001 est,
1862 1957 1912 1994 ut

1076 2007 1137 2047 nil
1168 2007 1369 2060 pecaniae
1401 2009 1651 2049 reservetur
1683 2020 1709 2048 a
1737 2009 1911 2059 sanctis,

1076 2063 1147 2104 vel
1165 2063 1255 2104 suis
1275 2063 1453 2113 scilicet,
1473 2063 1544 2106 vel
1559 2067 1807 2117 pauperum
1826 2065 1910 2106 sisi-

1076 2118 1160 2160 bus
1183 2119 1488 2171 suggerendae:
1516 2133 1617 2161 cum
1641 2125 1685 2162 et
1707 2121 1804 2173 ipse
1823 2121 1911 2162 Do-

1076 2176 1230 2225 minus,
1251 2176 1321 2216 cui
1336 2176 1645 2218 ministrabant
1658 2177 1830 2229 Angeli,
1849 2182 1911 2219 ta-

1076 2244 1177 2273 men
1213 2231 1272 2273 ad
1306 2232 1631 2274 informandam
1666 2233 1912 2275 Ecclesiam

1078 2301 1203 2329 suam
1226 2287 1399 2329 loculos
1423 2288 1631 2331 habuisse
1649 2289 1838 2341 legatur,
1868 2295 1912 2331 et

1077 2357 1103 2385 a
1130 2344 1335 2386 fidelibus
1364 2345 1514 2387 oblata
1542 2348 1831 2396 conservans,
1869 2351 1912 2387 et

1078 2402 1258 2441 suorum
1281 2401 1620 2444 necessitatibus
1645 2402 1829 2454 aliisque
1850 2402 1910 2442 in-

1078 2455 1329 2508 digentibus
1361 2457 1575 2509 tribuens3
1613 2458 1694 2500 sed
1724 2471 1780 2500 ne
1812 2459 1910 2499 Deo

1077 2517 1261 2565 propter
1275 2513 1361 2555 ista
1375 2515 1602 2565 serviatur,
1622 2519 1666 2556 et
1679 2514 1737 2556 ob
1747 2514 1911 2566 inopiae

1077 2569 1282 2611 timorem
1301 2570 1465 2621 justitia
1484 2571 1723 2612 deseratur.

1132 2626 1194 2667 Te
1211 2625 1356 2667 Deum
1374 2626 1617 2668 laudamus.
1636 2627 1695 2667 13.

1337 2711 1649 2731 ——-<>-o-ae>0-<>—
