2040 2976
159 223 231 260 398

162 319 331 368 stodes,
364 318 607 359 Processus
635 321 680 358 et
706 315 994 357 Martinianus

162 389 262 418 cum
290 375 388 417 aliis
420 373 727 427 quadraginta,
754 372 993 425 Apostolc-

160 446 257 474 rum
310 430 628 485 praedicaticne
682 428 994 480 miraculisque

161 489 387 538 commeti,
412 501 460 530 se
480 487 538 529 ad
556 487 580 528 J
584 500 662 529 esu
681 486 842 528 Christi
861 484 994 526 fidem

161 548 489 589 converterunt:
515 549 558 586 et
577 557 677 586 cum
696 545 878 596 repente
897 542 996 583 fons

162 617 185 646 e
205 616 314 645 saxo
339 608 462 645 ortus
485 606 620 651 esset,
644 599 859 653 baptizati
883 603 994 640 sunt.

162 661 246 712 Qui
274 659 570 713 permiserunt
597 656 846 710 Ap6stolis,
882 660 931 697 ut
960 655 996 695 si

161 717 339 767 vellent,
365 716 547 759 abirent.
584 714 673 756 Sed
692 713 902 755 Paulinus
919 714 995 753 mi—

160 774 287 816 litum
311 774 567 828 praefectus,
595 785 643 814 re
670 770 863 822 ecgnita,
890 769 995 810 Pro-

162 833 336 874 cessum
356 836 400 873 et
414 830 725 872 Martinianum
743 840 769 868 a
787 827 995 878 suscepto

162 888 347 930 consilio
397 889 608 930 revocare
655 886 851 927 conatur.
913 882 997 932 Qui

163 959 261 988 cum
282 946 445 987 frustra
462 950 639 996 tempus
656 942 916 989 contereret,
934 939 996 992 ip-

163 1005 314 1045 80111111
338 1015 417 1044 ora
441 1013 549 1042 saxo
574 997 800 1047 contundi,
826 996 998 1038 dentes-

165 1073 251 1112 que
271 1058 508 1102 comminui
523 1056 654 1109 iubet.
682 1055 789 1097 Mox
804 1053 861 1095 ad
876 1053 901 1094 J
903 1053 998 1094 ovis

164 1119 357 1159 statuam
402 1115 638 1164 adductos,
694 1125 794 1154 cum
842 1109 999 1152 eadem

164 1174 412 1216 constantia
455 1173 745 1214 veneraturos
789 1181 836 1210 se
879 1166 1000 1208 111013

163 1233 391 1282 negarent,
436 1232 625 1282 imperat
673 1225 863 1278 equuleo
910 1229 997 1266 tor-

166 1288 305 1341 queri,
335 1285 624 1329 candentibus
647 1283 820 1325 laminis
847 1281 903 1323 ad
929 1283 999 1323 00-

164 1358 261 1387 111111
286 1357 449 1398 corpus
476 1342 685 1392 admetiS,
720 1353 771 1382 ac
801 1338 914 1382 caedi
937 1338 999 1379 fu-

165 1402 318 1444 stibus.
355 1400 524 1451 Quibus
552 1399 596 1439 in
621 1396 888 1440 cruciatibus
912 1407 1000 1436 una

164 1458 262 1501 haec
293 1458 470 1499 1110111111
502 1469 592 1498 vox
625 1453 902 1497 audiebatur:
934 1451 1000 1493 Sit

164 1528 326 1557 nomen
344 1513 525 1556 Demini
542 1510 836 1554 benedictum.
871 1508 1000 1550 Deni-

166 1585 252 1625 que
286 1570 474 1622 conjecti
504 1571 549 1611 in
581 1571 824 1616 carcerem,
865 1565 1000 1619 paulo

165 1634 270 1683 post
295 1633 420 1670 extra
444 1627 612 1670 Urbem
635 1626 707 1667 via
731 1623 912 1666 Aurelia
937 1634 1001 1663 se-

167 1686 261 1728 curi
297 1686 522 1727 feriuntur.
577 1685 776 1734 Quorum
812 1682 1003 1732 cerpora

166 1743 334 1785 Lucina
370 1743 415 1783 in
451 1739 624 1794 praedio
663 1752 744 1780 suo
783 1735 1002 1790 sepelivit,

167 1805 294 1842 sexto
319 1799 473 1841 Nonas
497 1797 617 1839 Julii:
647 1809 747 1848 quae
774 1796 935 1848 postea
959 1792 1004 1832 in

167 1856 333 1898 Urbem
354 1855 587 1904 translata,
615 1853 660 1894 in
681 1851 865 1894 basilica
887 1851 1003 1903 prin·

168 1913 278 1966 cipis
298 1911 621 1966 Apostoldrum
640 1908 818 1952 cdndita
837 1911 951 1949 sunt.

227 1980 288 2020 'l‘e
308 1979 452 2020 Deum
469 1976 713 2019 laudamus.
732 1976 791 2016 13.

434 2086 513 2127 Ad
539 2085 738 2127 Laudes

395 2156 440 2185 ct
480 2162 569 2193 per
607 2150 789 2183 Horas.

228 2216 326 2256 Ant.
348 2218 375 2255 1.
410 2216 658 2266 lexsurgens
676 2214 831 2264 Maria,
850 2214 874 2239 *
899 2212 1006 2255 abiit

170 2274 214 2315 in
253 2274 465 2314 montana
509 2285 609 2313 cum
645 2271 926 2312 festinatione
962 2270 1007 2310 in

172 2329 397 2372 civitatem
415 2329 439 2369 J
442 2328 539 2370 uda.

228 2398 296 2436 Ps.
324 2394 536 2436 D6minus
557 2394 767 2445 regnavit.
787 2395 846 2434 14.
897 2435 903 2442 ,

229 2465 265 2503 2.
308 2463 490 2505 Intravit
522 2463 661 2504 Maria
693 2464 716 2490 *
748 2463 793 2503 in
827 2462 1007 2504 domum

174 2520 414 2569 Zachariae,
434 2524 479 2561 et
498 2519 704 2561 salutavit
721 2518 961 2561 Elisabeth.

230 2592 266 2630 33.
288 2591 345 2632 Ut
366 2589 533 2631 audivit
551 2590 575 2615 *
596 2589 905 2630 salutaticnem
919 2588 1008 2629 Ma-

175 2650 254 2689 riae
272 2645 516 2696 Elisabeth,
541 2646 778 2688 exsultavit
802 2645 942 2686 infans
965 2644 1009 2684 in

176 2707 305 2746 utero
333 2705 441 2756 ejuS‚
477 2708 521 2745 et
548 2702 718 2755 repleta
748 2707 815 2743 est
844 2700 1010 2754 Spiritu

177 2765 343 2810 sancto,
363 2759 546 2811 alleluja.

620 216 689 249 Die
716 217 744 249 2.
770 216 875 249 Julii.
925 215 963 248 In
992 214 1225 247 Y'isitationc
1252 214 1291 246 13.
1318 213 1363 247 M.
1391 214 1433 247 V.

1108 320 1143 358 4.
1168 313 1407 357 Benedicta
1425 314 1450 340 *
1468 316 1518 353 tu
1534 311 1648 353 inter
1666 310 1881 359 mulieres,

1050 375 1094 413 et
1112 369 1372 412 benedictus
1391 369 1558 410 fructus
1577 367 1743 409 ventris
1761 366 1837 408 tui.

1106 439 1143 477 Γ)
1177 438 1245 477 Ex
1271 448 1359 488 quo
1386 435 1501 476 facta
1528 438 1596 476 est
1613 434 1637 459 *
1656 445 1744 475 vox
1771 431 1882 473 salu-

1050 492 1231 534 tati6nis
1259 496 1349 533 tuae
1377 492 1421 532 in
1450 490 1630 532 auribus
1657 489 1783 540 meis,
1813 501 1882 530 ex-

1051 549 1232 590 sultavit
1264 549 1406 590 infans
1441 548 1485 588 in
1512 550 1641 589 utero
1670 558 1789 595 meo,
1825 543 1883 586 al-

1051 606 1193 658 leluja.

1109 676 1367 729 Capitulum.
1571 672 1699 713 Eccli.
1714 672 1779 712 24.
1793 671 1835 711 b.

1127 737 1155 778 b
1183 736 1322 786 initio,
1354 740 1398 778 et
1425 739 1526 777 ante
1551 733 1714 775 saecula
1738 733 1886 774 creata

1165 807 1272 842 sum,
1293 797 1337 834 et
1356 804 1497 845 usque
1516 790 1575 833 ad
1593 790 1788 832 futurum
1807 790 1885 829 sae-

1054 850 1200 891 culum
1224 863 1313 891 non
1339 849 1552 898 desinam,
1581 852 1625 889 et
1650 847 1695 887 in
1719 844 1885 887 habita-

1051 907 1172 949 tione
1188 913 1340 949 sancta
1356 919 1506 948 coram
1519 905 1619 959 ipso
1632 901 1887 945 ministravi.

1129 1029 1132 1032 Ι
1373 975 1583 1025 Hymnus.

1210 1039 1403 1090 gloricsa
1422 1037 1648 1088 virginum,

1234 1095 1440 1138 Sublimis
1460 1095 1572 1136 inter
1592 1091 1748 1141 sidera,

1159 1153 1243 1203 Qui
1262 1158 1306 1194 te
1327 1151 1504 1201 creavit,
1522 1148 1758 1204 parvulum

1156 1210 1369 1252 Lactente
1388 1208 1529 1249 nutris
1548 1206 1697 1248 ubere.

1112 1274 1240 1327 Quod
1257 1275 1386 1316 Heva
1403 1273 1540 1315 tristis
1560 1269 1751 1319 abstulit,

1158 1332 1228 1374 Tu
1246 1330 1398 1373 reddis
1418 1330 1534 1372 almo
1553 1326 1763 1379 germine:

1158 1390 1328 1431 Intrent
1347 1393 1395 1429 ut
1414 1392 1535 1429 astra
1553 1383 1735 1433 flebiles,

1160 1446 1272 1488 Coeli
1290 1444 1481 1487 recludis
1502 1441 1716 1485 cardines.

1115 1514 1180 1554 Tu
1198 1511 1334 1562 Regis
1354 1509 1430 1551 alti
1449 1510 1587 1561 janua,

1158 1569 1216 1610 Et
1235 1567 1335 1609 aula
1354 1566 1464 1608 lucis
1483 1564 1665 1615 fulgida:

1158 1626 1309 1668 Vitam
1329 1624 1477 1666 datam
1495 1635 1576 1675 per
1595 1620 1823 1672 Virginem

1159 1682 1326 1724 Gentes
1345 1679 1590 1732 redemptae
1609 1675 1819 1731 plaudite.

1115 1749 1227 1796 Jesu,
1246 1746 1326 1788 tibi
1346 1746 1402 1787 sit
1419 1744 1570 1796 gldria,

1161 1804 1246 1854 Qui
1265 1808 1394 1844 natus
1415 1815 1462 1844 es
1482 1800 1538 1843 de
1555 1798 1750 1851 Virgine,

1164 1861 1274 1903 Cum
1292 1860 1436 1908 Patre,
1456 1862 1500 1900 et
1519 1856 1635 1899 almo
1655 1854 1830 1908 Spiritu,

1162 1919 1215 1959 In
1240 1916 1506 1969 sempiterna
1530 1912 1702 1955 saecula.
1738 1911 1892 1952 Α111011.

1116 1986 1167 2037 Y
1195 1981 1439 2025 Benedicta
1468 1985 1518 2023 tu
1548 1980 1592 2020 in
1625 1975 1892 2020 mulieribus.

1064 2044 1114 2095 R.
1145 2041 1204 2083 Et
1234 2038 1495 2082 benedictus
1527 2037 1694 2078 fructus
1725 2033 1892 2076 ventris

1058 2099 1132 2141 tui.

1118 2160 1187 2202 Ad
1216 2159 1379 2202 Bened.
1418 2161 1516 2199 Ant.
1560 2160 1670 2200 Cum
1698 2156 1894 2199 audisset

1060 2219 1369 2262 salutaticnem
1386 2218 1540 2259 Mariae
1559 2212 1802 2263 Elisabeth,
1822 2225 1892 2254 ex-

1062 2275 1267 2320 clamavit
1286 2287 1396 2317 voce
1415 2279 1584 2325 magna,
1605 2277 1648 2314 et
1665 2271 1790 2312 dixit:
1807 2269 1893 2312 Un-

1060 2333 1115 2376 de
1140 2334 1227 2376 hoc
1250 2331 1372 2381 mihi,
1399 2335 1448 2372 ut
1470 2329 1618 2371 veniat
1641 2332 1782 2369 mater
1803 2326 1892 2368 Do-

1059 2390 1164 2432 mini
1183 2389 1270 2431 mei
1289 2387 1347 2430 ad
1365 2385 1458 2429 me?
1479 2385 1662 2437 alleluja.

1405 2470 1568 2510 Oratio.

1148 2529 1303 2571 amulis
1313 2527 1411 2577 tuis,
1428 2528 1678 2579 quaesumus
1692 2521 1892 2570 Demine,

1157 2585 1352 2628 coelestis
1376 2583 1530 2634 gratiae
1554 2593 1713 2622 munus
1734 2578 1893 2630 imper-

1060 2646 1157 2685 tire:
1177 2647 1226 2684 ut
1247 2640 1404 2694 quibus
1423 2640 1566 2681 beatae
1580 2635 1775 2688 Virginis
1794 2646 1891 2687 par-

1061 2706 1133 2742 tus
1153 2698 1321 2741 exstitit
1340 2696 1493 2738 salutis
1513 2692 1758 2741 exdrdium,
1776 2691 1891 2732 Visi-

1061 2755 1240 2797 tatidnis
1260 2754 1350 2806 ejus
1364 2754 1515 2794 votiva
1534 2748 1799 2797 solemnitas,
1818 2760 1892 2800 pa-
