2040 2976
215 216 287 252 250

716 213 816 246 Infra
843 213 1136 247 Ilcbdomadam
1162 214 1212 247 iii.
1238 214 1414 255 Augusti.

218 312 390 354 divitias
415 311 520 352 nihil
546 324 642 352 esse
669 311 773 352 duxi
799 311 842 351 in
869 323 1042 363 eompa-

219 368 386 410 ratione
418 367 547 409 illius:
583 381 665 409 nec
697 367 951 419 comparavi
982 366 1042 407 illi

216 424 407 477 lapidem
421 425 678 477 pretiosum:
695 423 900 476 queniam
913 435 1041 464 omne

216 494 368 522 aurum
387 481 430 521 in
450 480 779 534 comparatiene
798 479 927 528 illius,
952 480 1042 519 are-

215 550 271 579 na
296 542 363 579 est
388 539 560 588 exigua,
589 542 632 579 et
656 542 881 588 tamquam
903 536 1042 576 lutum

217 594 506 636 aestimabitur
534 596 762 645 argentum
790 592 833 633 in
862 592 1042 643 conspe-

217 656 289 692 ctu
322 651 447 692 illius.
492 651 634 703 Super
662 650 849 691 salutern
878 653 921 690 et
949 649 1043 700 spe-

217 708 328 749 ciem
347 706 480 749 dilexi
501 707 635 757 illam,
662 712 705 748 et
728 705 943 759 proposui
961 717 1042 757 pro

217 764 314 806 luce
342 763 504 806 habere
531 764 664 805 illam:
693 763 899 816 quoniam
927 761 1042 802 inex-

217 820 466 872 stinguibile
487 826 553 862 est
572 821 717 861 lumen
736 819 863 860 illius.

266 882 317 933 R.
345 882 503 934 Magna
525 882 651 923 enim.
670 881 762 922 237.

516 954 667 995 Lectio
689 954 742 998 iii.

215 1014 487 1121 Venerunt
511 1026 657 1062 autem
679 1019 785 1060 mihi
805 1018 949 1060 omnia
966 1018 1042 1060 bo-

319 1091 375 1119 na
394 1078 558 1130 pariter
579 1090 677 1118 cum
692 1076 775 1125 illa,
796 1081 839 1117 et
853 1075 1042 1116 innume-

217 1134 366 1176 rabilis
392 1134 600 1175 honestas
631 1146 710 1186 per
738 1145 891 1174 manus
918 1131 1044 1181 illius,

219 1197 262 1233 et
289 1191 463 1232 laetatus
493 1203 588 1231 sum
615 1190 659 1230 in
688 1189 906 1231 omnibus:
939 1190 1043 1240 quo-

216 1248 332 1289 niam
359 1246 648 1289 antecedebat
673 1258 742 1287 me
769 1246 853 1287 ista
877 1245 1043 1298 sapien-

215 1305 291 1353 tia,
319 1309 362 1345 et
380 1303 638 1354 ignorabam
662 1302 870 1354 quoniam
888 1301 1045 1342 horum

217 1361 409 1401 omnium
433 1365 573 1402 mater
599 1365 675 1402 est.
713 1359 855 1410 Quam
882 1358 975 1399 sine
998 1357 1044 1398 fi-

216 1418 359 1459 ctione
380 1417 529 1466 didici,
555 1422 598 1458 et
624 1417 716 1457 sine
741 1414 906 1457 invidia
929 1428 1044 1457 com-

215 1474 406 1523 munico,
437 1480 479 1515 et
506 1473 785 1514 honestatem
812 1471 928 1513 illius
956 1484 1044 1513 non

217 1530 455 1572 abscendo.
496 1530 696 1571 Infinitus
730 1530 845 1571 enim
872 1529 1044 1571 thesau-

217 1600 290 1628 rus
325 1592 391 1628 est
427 1587 692 1628 hominibus:
739 1599 826 1639 quo
868 1586 942 1638 qui
977 1586 1045 1627 usi

217 1649 327 1692 sunt,
346 1644 583 1696 participes
602 1643 705 1684 facti
725 1647 826 1684 sunt
841 1642 1044 1684 amicitiae

217 1699 310 1749 Dei,
329 1705 512 1753 propter
533 1699 774 1752 disciplinae
795 1698 911 1740 dona
928 1711 1043 1740 com-

216 1755 421 1798 mendati.

271 1814 321 1864 Ru
348 1814 455 1864 Quae
477 1817 588 1854 sunt.
607 1813 699 1854 237.

450 1934 597 1971 Feria
623 1934 812 1982 Quinta.

392 1990 458 2032 De
485 1991 598 2033 libro
627 1991 873 2044 Sapientiae.

322 2053 472 2095 Lectio
494 2055 516 2095 i.
730 2055 833 2107 Cap.
849 2058 886 2096 9.
904 2068 937 2096 c.

224 2121 382 2192 Quis
402 2121 626 2162 hominum
640 2121 803 2174 poterit
819 2121 930 2163 scire
946 2135 1045 2163 con-

224 2176 279 2219 <³5⁰5
297 2192 305 2206 ι’
335 2177 477 2218 silium
505 2177 611 2219 Dei?
645 2183 719 2219 aut
752 2178 849 2230 quis
882 2179 1047 2230 peterit

220 2234 414 2285 cogitare
441 2233 546 2285 quid
572 2234 676 2275 velit
699 2234 842 2275 Deus?
875 2234 1046 2285 Cogita-

218 2290 361 2332 tienes
387 2290 501 2330 enirn
524 2290 774 2332 mortalium
793 2290 975 2340 timidae,
1005 2296 1047 2332 et

219 2347 397 2387 incertae
420 2345 708 2398 providentiae
731 2352 905 2388 nostrae.
943 2347 1045 2388 Cor-

219 2415 303 2455 pus
329 2402 458 2451 enim‚
488 2403 608 2454 quod
635 2403 948 2454 corrumpitur,
976 2405 1045 2454 ag-

219 2464 372 2509 gravat
394 2459 596 2507 animam,
622 2464 665 2499 et
689 2460 862 2500 terrena
883 2458 1046 2500 inhabi-

219 2515 329 2556 tatio
355 2515 558 2567 deprimit
582 2527 757 2555 sensum
776 2514 913 2555 multa
933 2515 1046 2565 cogi-

218 2573 395 2612 tantem.
455 2571 511 2612 Et
557 2570 734 2611 difficile
779 2570 1047 2611 aestimamus

221 2639 319 2679 quae
339 2626 382 2667 in
407 2631 524 2668 terra
544 2631 658 2667 sunt:
687 2631 730 2667 et
756 2639 855 2678 quae
880 2626 923 2666 in
948 2639 1045 2678 pro-

220 2685 375 2736 spectu
391 2689 499 2732 sunt,
514 2683 757 2723 invenimus
773 2695 871 2722 cum
884 2681 1047 2723 labere.

221 2741 330 2790 Quae
354 2745 500 2781 autern
526 2739 568 2779 in
594 2738 716 2780 coelis
742 2744 840 2779 sunt
867 2739 962 2790 quis
987 2739 1046 2778 in—

1095 308 1352 360 vestigabit?
1398 310 1583 351 Sensum
1619 315 1765 352 autem
1799 316 1922 352 tuum

1098 365 1194 417 quis
1218 365 1343 415 sciet,
1375 365 1458 407 nisi
1483 370 1532 407 tu
1557 365 1732 408 dederis
1755 366 1922 420 sapien-

1095 422 1215 471 tiam,
1241 426 1283 463 et
1305 421 1477 463 miseris
1495 422 1704 475 Spiritum
1724 428 1923 465 sanetum

1095 483 1218 519 tuum
1238 477 1293 519 de
1312 478 1548 520 altissimis:
1568 484 1612 521 et
1630 479 1693 521 sic
1711 481 1923 522 correctae

1097 535 1182 576 sint
1202 535 1370 576 semitae
1390 537 1552 586 eorum,
1573 536 1647 588 qui
1665 541 1767 578 sunt
1782 537 1826 577 in
1839 542 1922 578 ter-

1096 591 1172 640 ris,
1201 596 1244 632 et
1269 604 1368 643 quae
1391 591 1471 634 tibi
1493 592 1669 645 placent
1693 591 1923 635 didicerint

1096 647 1318 690 hemines?
1346 648 1460 690 Nam
1482 661 1562 702 per
1581 649 1840 702 sapientiam
1857 662 1922 691 sa-

1096 705 1188 746 nati
1227 710 1328 747 sunt
1365 706 1630 759 quicumque
1665 706 1924 759 placuerunt

1095 761 1176 803 tibi
1194 762 1382 804 Demine
1401 775 1427 804 a
1446 763 1675 816 principio.

1147 823 1198 875 Κ.
1224 824 1275 864 In
1293 825 1522 878 principio.
1538 825 1634 866 246.

1128 899 1132 903 ’
1196 897 1347 939 Lectio
1368 898 1407 937 ii.
1630 898 1732 950 Cap.
1752 899 1815 938 10.

1191 976 1256 1004 aec
1275 962 1412 1013 illum,
1434 965 1506 1016 qui
1525 965 1692 1017 primus
1710 965 1923 1006 formatus

1213 1024 1280 1061 est
1311 1032 1336 1060 a
1363 1020 1460 1062 Deo
1487 1026 1615 1074 pater
1642 1021 1762 1063 orbis
1788 1023 1923 1063 terra-

1096 1088 1208 1124 rum,
1237 1087 1335 1117 cum
1359 1076 1478 1118 solus
1500 1082 1616 1119 esset
1636 1079 1825 1128 creatus,
1853 1090 1924 1119 cu-

1097 1131 1292 1182 stodivit,
1321 1138 1364 1174 et
1390 1132 1542 1175 eduxit
1567 1134 1689 1175 illum
1713 1147 1739 1176 a
1762 1133 1923 1177 delicto

1098 1201 1194 1240 suo,
1227 1194 1271 1231 et
1304 1188 1426 1231 dedit
1457 1190 1520 1232 illi
1551 1191 1759 1233 virtutem
1790 1191 1924 1233 conti-

1096 1244 1229 1287 nendi
1261 1246 1416 1287 omnia.
1459 1246 1529 1288 Ab
1557 1247 1640 1289 hac
1670 1252 1719 1290 ut
1745 1247 1927 1289 recessit

1096 1301 1282 1354 injustus
1300 1302 1344 1343 in
1363 1302 1428 1344 ira
1447 1316 1536 1354 sua,
1560 1316 1641 1357 per
1659 1303 1770 1345 iram
1788 1303 1924 1346 homi—

1098 1357 1200 1400 cidii
1248 1357 1427 1400 fraterni
1477 1359 1674 1413 deperiit.
1735 1360 1925 1414 Propter

1099 1427 1245 1467 quem,
1277 1427 1377 1456 cum
1408 1427 1523 1468 aqua
1554 1415 1721 1458 deleret
1752 1420 1925 1467 terram,

1097 1472 1268 1513 sanavit
1286 1474 1446 1514 iterum
1465 1473 1696 1526 sapientia,
1720 1486 1802 1527 per
1825 1486 1925 1516 con-

1097 1527 1343 1581 temptibile
1379 1529 1544 1580 lignum
1575 1531 1736 1582 justum
1771 1529 1925 1581 guber-

1097 1598 1216 1626 nans.
1256 1585 1367 1626 Haec
1396 1590 1440 1627 et
1466 1586 1509 1626 in
1537 1588 1753 1628 consensu
1778 1589 1925 1639 nequi-

1097 1642 1171 1683 tiae
1199 1654 1298 1683 cum
1326 1654 1372 1683 se
1399 1642 1598 1684 nationes
1626 1642 1925 1693 contulissent,

1098 1699 1224 1740 scivit
1252 1700 1426 1750 justum,
1456 1703 1499 1740 et
1528 1699 1806 1742 conservavit
1833 1699 1926 1741 sine

1099 1755 1277 1808 querela
1300 1755 1415 1805 Deo,
1443 1760 1487 1797 et
1510 1755 1555 1797 in
1581 1755 1659 1797 filii
1683 1755 1925 1798 misericor-

1098 1810 1172 1853 dia
1189 1811 1349 1853 fortem
1368 1811 1618 1854 custodivit.

1148 1870 1199 1923 R.
1228 1873 1397 1925 Gyrum
1417 1873 1529 1914 coeli.
1547 1874 1641 1915 247.

1396 1936 1549 1978 Lectio
1569 1935 1624 1977 iii.

1195 2019 1260 2048 aec
1292 2008 1451 2058 justum
1484 2021 1510 2049 a
1536 2007 1822 2061 pereuntibus
1850 2010 1925 2049 im-

1207 2064 1290 2116 piis
1328 2064 1530 2106 liberavit
1560 2065 1814 2116 fugientem,
1853 2064 1924 2107 de-

1099 2119 1336 2161 scendente
1354 2120 1453 2171 igne
1467 2121 1511 2162 in
1526 2121 1815 2174 Pentapolim:
1834 2121 1925 2173 qui-

1099 2176 1181 2218 bus
1200 2176 1243 2216 in
1261 2177 1559 2219 testimenium
1577 2179 1785 2231 nequitiae
1804 2177 1925 2219 fumi-

1099 2231 1303 2284 gabunda
1328 2239 1501 2276 constat
1525 2235 1701 2276 deserta
1723 2239 1855 2284 terra,
1882 2240 1926 2276 et

1099 2289 1267 2330 incerto
1298 2291 1498 2343 tempore
1524 2291 1690 2333 fructus
1716 2291 1926 2333 habentes

1100 2345 1296 2395 arbores,
1316 2351 1360 2388 et
1377 2347 1644 2390 incredibilis
1664 2347 1821 2389 animae
1840 2360 1925 2389 me-

1098 2402 1237 2443 moria
1265 2407 1384 2443 stans
1411 2403 1668 2455 figmentum
1695 2403 1808 2445 salis
1852 2403 1925 2445 Sa·

1098 2458 1306 2510 pientiam
1335 2459 1450 2500 enim
1476 2462 1925 2513 praetereunteS‚.non

1098 2519 1267 2556 tantum
1294 2516 1338 2556 in
1366 2515 1451 2558 hoc
1478 2517 1592 2570 lapsi
1616 2522 1716 2558 sunt
1739 2521 1788 2558 ut
1805 2516 1924 2566 igno-

1099 2573 1247 2613 rarent
1261 2571 1388 2622 bona,
1406 2573 1484 2614 sed
1500 2578 1543 2615 et
1557 2572 1817 2625 insipientiae
1833 2585 1925 2614 suae

1099 2627 1367 2679 reliquerunt
1386 2628 1634 2671 hominibus
1658 2629 1925 2678 memeriam‚

1099 2687 1146 2723 ut
1164 2683 1207 2723 in
1227 2683 1306 2734 his,
1327 2697 1426 2736 quae
1445 2687 1748 2738 peccaverunt,
1767 2697 1849 2726 nec
1866 2685 1924 2726 la-

1100 2740 1192 2780 tere
1223 2743 1482 2792 potuissent.
1524 2741 1747 2794 Sapientia
1779 2746 1925 2783 autem
