2040 2976
821 215 996 250 Officium
1019 216 1302 251 Defunctorum.

267 310 405 351 Rivos
444 310 534 362 ejus
574 310 755 360 inebria,
799 311 1038 364 multiplica

214 367 430 417 genimina
455 367 560 418 ejus:
579 367 602 392 *
621 367 666 407 in
692 366 921 409 stillicidiis
948 369 1037 419 ejus

213 422 435 464 laetabitur
453 423 709 474 germinans.

266 478 509 521 Benedices
534 481 711 520 eorenae
730 480 831 521 anni
847 479 1037 530 benigni—

213 535 317 577 tatis
337 541 440 578 tuae:
459 537 483 563 *
503 540 547 577 et
565 537 709 589 campi
730 537 794 578 tui
810 536 1038 589 replebun-

214 597 284 634 tur
304 592 517 634 ubertate.

265 649 555 700 Pinguescent
582 649 782 702 speciesa
811 648 989 691 deserti:
1014 649 1038 674 *

215 710 259 747 et
283 705 573 747 exsultatione
596 705 730 747 colles
749 705 1038 756 accingentur.

265 761 414 803 Induti
430 766 530 803 sunt
544 763 702 804 arietes
718 762 875 812 evium,
895 766 938 803 et
953 760 1038 802 val-

214 818 278 860 les
316 817 599 860 abundabunt
636 818 867 860 frumento:
898 819 922 845 *
955 816 1037 858 cla-

213 874 405 924 mabunt,
425 874 584 916 etenim
603 874 811 927 hymnum
830 873 987 916 dicent.

266 931 481 984 Requiem
500 932 719 973 aeternam.

268 994 365 1034 Ant.
395 991 566 1033 Exaudi
586 992 773 1033 Domine
794 991 1039 1033 orationem

213 1060 369 1090 meam:
388 1047 444 1089 ad
461 1052 506 1089 te
525 1049 665 1089 omnis
685 1061 787 1101 caro
807 1048 960 1090 veniet.

266 1111 363 1150 Ant.
403 1110 470 1150 Me
494 1110 687 1162 suscepit
711 1111 735 1137 *
759 1109 940 1151 dextera
963 1112 1039 1149 tua

213 1166 411 1207 Domine.

487 1211 681 1251 Psalmus
703 1213 765 1251 62.

213 1267 382 1372 Deus
400 1271 521 1312 Deus
538 1283 662 1312 meus
682 1272 706 1298 *
725 1270 782 1313 ad
801 1276 846 1314 te
867 1271 922 1314 de
940 1272 1038 1315 luce

310 1327 453 1378 vigilo.

264 1380 407 1426 Sitivit
431 1384 476 1424 in
499 1388 543 1425 te
567 1384 710 1426 anima
732 1397 846 1434 mea,
864 1386 888 1412 *
908 1398 1039 1438 quam

213 1440 510 1493 multipliciter
528 1440 609 1482 tibi
628 1453 731 1482 caro
750 1454 858 1483 mea.

266 1498 317 1538 In
339 1502 458 1539 terra
482 1497 672 1547 deserta,
697 1502 741 1539 et
758 1498 889 1548 invia,
917 1502 961 1540 et
979 1498 1038 1539 in-

215 1555 395 1606 aquosa:
429 1556 452 1581 *
485 1554 547 1595 sic
582 1554 626 1595 in
664 1559 816 1596 sancto
855 1555 1039 1608 apparui

214 1610 308 1660 tibi,
332 1615 380 1652 ut
397 1610 591 1652 viderem
610 1610 816 1652 virtutem
834 1616 969 1661 tuam,
994 1616 1038 1653 et

214 1666 398 1717 gloriam
416 1671 547 1708 tuam.

268 1723 484 1773 Queniam
514 1723 669 1765 melior
699 1728 767 1765 est
796 1724 1038 1766 misericor-

217 1779 289 1821 dia
321 1784 396 1821 tua
426 1793 558 1832 super
590 1780 716 1822 vitas:
744 1782 768 1808 *
795 1780 911 1822 labia
941 1793 1039 1823 mea

215 1835 455 1878 laudabunt
474 1841 528 1878 te.

267 1893 338 1934 Sic
361 1892 617 1935 benedicam
640 1898 684 1935 te
708 1893 752 1934 in
770 1893 860 1935 vita
884 1907 995 1936 mea:
1013 1895 1037 1921 *

216 1954 260 1991 et
296 1950 340 1990 in
374 1950 548 1992 nemine
580 1954 658 1992 tuo
689 1950 846 1992 levabo
884 1963 1037 1992 manus

215 2018 346 2047 meas.

267 2062 386 2104 Sicut
405 2062 534 2115 adipe
558 2067 601 2104 et
620 2062 882 2115 pinguedine
901 2063 1038 2116 reple-

218 2119 314 2159 atur
341 2119 483 2160 anima
507 2131 618 2160 mea:
636 2119 660 2145 *
680 2124 724 2161 et
747 2119 874 2161 labiis
900 2119 1038 2161 exsul-

217 2174 393 2215 tatienis
411 2174 605 2217 laudabit
624 2188 674 2217 os
692 2188 848 2217 meum.

268 2230 313 2271 Si
335 2243 502 2272 memor
526 2231 586 2273 fui
611 2232 675 2274 tui
700 2245 831 2285 super
855 2237 1039 2274 stratum

217 2299 378 2337 meum,
411 2288 455 2328 in
479 2289 700 2330 matutinis
724 2289 972 2331 meditabor
995 2290 1039 2330 in

216 2348 276 2385 te:
294 2343 318 2370 *
337 2343 438 2396 quia
456 2343 573 2386 fuisti
592 2344 762 2396 adjutor
780 2358 914 2387 meus.

269 2399 326 2442 Et
349 2399 393 2440 in
412 2400 656 2442 velamento
681 2401 847 2442 alarum
866 2403 1039 2443 tuermn

218 2455 458 2506 exsultabo,
473 2455 657 2498 adhaesit
672 2458 813 2498 anima
827 2470 924 2500 mea
938 2462 1040 2510 post

218 2517 276 2554 te:
294 2513 318 2539 *
337 2525 407 2554 me
426 2513 619 2564 suscepit
638 2512 817 2555 dextera
835 2518 921 2566 tua,

269 2569 359 2622 Ipsi
385 2581 490 2611 vero
518 2569 562 2609 in
589 2581 746 2610 vanum
776 2570 1040 2622 quaesierunt

219 2625 406 2667 animam
423 2637 581 2675 meam,
609 2625 848 2668 introibunt
871 2626 915 2666 in
937 2627 1038 2668 infe-

218 2682 335 2723 riora
361 2687 508 2724 terrae:
525 2682 549 2707 *
569 2681 794 2723 tradentur
820 2682 863 2722 in
886 2695 1039 2724 manus

219 2737 363 2789 gladii,
382 2742 529 2791 partes
549 2738 742 2790 vulpium
760 2743 895 2780 erunt.

1140 311 1237 352 Rex
1255 322 1360 352 vero
1383 310 1603 352 laetabitur
1624 311 1668 352 in
1686 311 1798 361 Deo,
1822 311 1909 353 lau-

1090 366 1308 408 dabuntur
1338 379 1489 408 omnes
1515 366 1589 419 qui
1612 367 1753 418 jurant
1774 367 1819 408 in
1842 380 1910 410 eo:

1089 425 1112 450 *
1139 423 1239 475 quia
1267 422 1542 464 obstructum
1566 427 1633 465 est
1658 436 1709 465 os
1733 423 1910 476 loquen-

1089 479 1196 520 tium
1214 479 1372 532 iniqua.

1144 538 1223 577 iiic
1244 550 1327 576 non
1351 538 1509 578 dicitur
1528 535 1753 589 Requiem.

1381 594 1557 634 'suimus
1577 596 1642 633 66.

1177 662 1254 692 eus
1272 648 1530 690 misereatur
1547 649 1703 699 nostri,
1722 653 1766 691 et
1783 649 1910 691 bene-

1183 706 1301 748 dicat
1317 705 1459 747 nobis:
1477 706 1501 733 *
1518 705 1731 747 illuminet
1745 705 1911 748 vultum

1089 775 1215 804 suum
1233 775 1365 815 super
1383 774 1479 812 nOS,
1503 767 1547 804 et
1564 762 1821 804 misereatur
1838 775 1912 804 no-

1089 820 1179 861 stri.

1140 875 1199 918 Ut
1231 877 1546 926 cognoscamus
1577 875 1621 916 in
1651 879 1770 916 terra
1798 874 1913 916 viam

1088 936 1225 973 tuam:
1244 933 1267 958 *
1286 932 1330 972 in
1350 931 1550 974 Omnibus
1570 931 1784 974 Gentibus
1802 931 1912 973 salu-

1089 990 1184 1030 tare
1203 993 1336 1030 tuum.

1143 1045 1440 1087 Confiteantur
1462 1045 1543 1087 tibi
1561 1044 1714 1098 pepuli
1732 1045 1870 1086 Deus:
1888 1045 1912 1073 *

1090 1101 1376 1143 confiteantur
1394 1101 1474 1143 tibi
1492 1101 1645 1154 pepuli
1664 1113 1827 1143 omnes.

1140 1158 1364 1200 Laetentur
1388 1162 1431 1200 et
1454 1158 1672 1200 exsultent
1691 1157 1871 1200 Gentes:
1889 1157 1913 1185 *

1091 1215 1297 1267 quoniam
1319 1214 1484 1267 judicas
1506 1214 1696 1268 populos
1719 1214 1764 1255 in
1782 1214 1913 1267 aequi-

1089 1273 1191 1322 tate,
1212 1276 1255 1313 et
1275 1271 1440 1313 Gentes
1458 1271 1503 1312 in
1521 1276 1640 1313 terra
1658 1270 1819 1322 dirigis.

1144 1327 1443 1370 Confiteantur
1479 1327 1559 1370 tibi
1593 1326 1746 1381 pepuli
1780 1327 1912 1377 DeuS,

1090 1384 1381 1426 confiteantur
1411 1384 1491 1427 tibi
1516 1384 1669 1437 pepuli
1698 1395 1863 1426 omnes:
1889 1383 1913 1410 *

1089 1445 1207 1483 terra
1227 1440 1348 1483 dedit
1367 1441 1554 1483 fructum
1573 1453 1709 1482 suum.

1140 1497 1380 1539 Benedicat
1406 1510 1487 1539 nos
1513 1497 1651 1547 Deus,
1686 1497 1807 1538 Deus
1835 1508 1910 1537 no-

1091 1558 1195 1604 ster,
1217 1552 1449 1595 benedicat
1466 1567 1547 1596 nos
1566 1554 1702 1595 Deus:
1720 1553 1745 1579 *
1765 1557 1808 1595 et
1826 1553 1912 1594 me-

1090 1615 1214 1652 tuant
1233 1623 1332 1652 eum
1351 1622 1503 1652 omnes
1522 1610 1632 1652 fines
1649 1614 1792 1651 terrae.

1142 1666 1357 1719 Requiem
1376 1668 1595 1708 aeternam.

1142 1724 1241 1765 Ant.
1287 1724 1357 1764 Me
1394 1723 1587 1776 suscepit
1623 1722 1804 1765 dextera
1838 1725 1913 1763 tua

1090 1779 1288 1821 Demine.

1142 1840 1239 1879 Ant.
1277 1839 1317 1878 A
1345 1839 1474 1888 porta
1500 1835 1626 1877 inferi
1647 1835 1672 1862 *
1696 1836 1798 1876 erue
1825 1834 1912 1875 De-

1090 1892 1205 1933 mine
1224 1892 1411 1933 animam
1429 1905 1582 1934 meam.

1271 1960 1496 2000 Canticum
1523 1957 1734 1999 Ezechiae.

1381 2017 1397 2050 Ι
1401 2016 1494 2050 saiae
1510 2016 1564 2049 38.
1584 2015 1618 2049 b.

1171 2075 1227 2114 go
1273 2062 1377 2104 dixi:
1425 2063 1476 2103 In
1521 2062 1702 2104 dimidio
1745 2062 1912 2104 dierum

1198 2121 1394 2161 meorum
1421 2120 1445 2147 *
1472 2118 1630 2161 vadam
1667 2118 1725 2160 ad
1760 2123 1911 2171 portas

1090 2175 1226 2217 inferi.

1143 2232 1335 2282 Quaesivi
1356 2231 1579 2274 residuum
1597 2233 1808 2273 annorum
1825 2243 1910 2273 me-

1091 2290 1226 2330 orum.
1253 2289 1276 2315 *
1303 2288 1420 2330 Dixi:
1446 2288 1548 2330 Non
1575 2287 1735 2330 videbo
1762 2288 1911 2329 Demi-

1090 2358 1193 2386 num
1211 2345 1354 2387 Deum
1371 2345 1415 2386 in
1433 2349 1550 2386 terra
1568 2344 1815 2386 viventium.

1141 2402 1242 2443 Non
1267 2401 1475 2454 aspiciam
1498 2401 1718 2443 hominem
1741 2400 1865 2451 ultra,
1888 2401 1912 2428 *

1091 2463 1134 2500 et
1152 2458 1444 2500 habitatorem
1464 2458 1631 2510 quietis.
1676 2458 1685 2468 '

1143 2514 1380 2556 Generatio
1421 2527 1519 2556 mea
1559 2513 1706 2555 ablata
1742 2517 1823 2563 est,
1868 2517 1912 2555 et

1091 2570 1326 2612 convoluta
1344 2575 1411 2612 est
1430 2583 1455 2611 a
1473 2583 1558 2617 me,
1577 2570 1600 2596 ¹*
1621 2570 1745 2622 quasi
1768 2569 1909 2612 taber-

1090 2627 1291 2668 naculum
1310 2629 1552 2679 pastorum:

1141 2684 1331 2725 Praecisa
1350 2688 1417 2725 est
1435 2683 1554 2725 velut
1572 2696 1598 2724 a
1615 2684 1801 2732 texente,
1821 2681 1911 2723 vita

1090 2752 1200 2780 mea:
1226 2739 1329 2781 dum
1352 2738 1495 2781 adhuc
1518 2739 1702 2790 ordirer,
1727 2737 1912 2780 succidit
