2040 2976
649 227 859 261 Commune
885 225 1131 261 Confessoris
1158 226 1367 259 pontificis.

209 323 427 364 Dominus
455 322 567 364 dixit
594 322 651 364 ad.
677 335 767 364 me:
794 322 819 348 *
851 321 988 362 Filius

157 391 281 421 meus
301 392 348 421 es
366 383 425 429 tu,
445 392 527 430 ego
546 378 679 420 hodie
699 378 830 429 genui
848 382 904 420 te.

209 435 391 477 Postula
415 448 441 476 a
465 448 547 485 me,
573 440 616 477 61
636 434 752 476 dabo
772 434 854 476 tibi
874 435 987 476 Gen-

156 497 224 534 tes
242 492 548 534 haereditatem
566 496 698 542 tuam,
713 491 737 518 *
757 495 987 544 611105565-

157 549 327 590 sionem
345 554 467 590 tuam
485 548 697 590 terminos
715 552 857 589 terrae.

208 606 356 656 Reges
384 617 461 647 eos
488 605 534 646 in
557 605 680 656 virga
703 604 865 654 ferrea,
891 603 916 630 *
945 608 988 645 et

156 666 383 713 tamquam
397 674 475 703 vas
494 660 617 712 figuli
636 660 885 712 confringes
900 673 987 701 eos.

208 718 266 759 Et
289 731 405 760 nunc
423 730 550 769 reges
570 717 814 768 intelligite:
841 716 865 743 *
894 729 986 758 eru-

159 774 312 816 dimini
332 775 407 826 qui
426 773 628 826 judicatis
648 778 822 815 terram.

208 831 377 873 Servite
402 830 596 872 Domino
621 830 666 871 in
690 830 864 871 timore:
891 830 915 856 *
944 834 988 871 et

156 887 374 929 exsultate
394 887 434 929 ei
453 899 554 928 cum
571 888 775 928 tremore.

209 943 546 996 Apprehendite
592 942 881 995 disciplinam,
915 956 986 984 ne-

158 999 337 1052 quando
373 1000 588 1041 irascatur
619 999 855 1050 Dominus,
887 999 911 1026 *
944 1004 988 1041 et

155 1056 348 1109 pereatis
367 1056 422 1098 de
441 1056 514 1097 via
531 1057 653 1108 iusta.

209 1112 319 1153 Cum
344 1113 558 1154 exarserit
582 1112 628 1153 in
651 1111 776 1154 brevi
799 1112 865 1153 ira
885 1113 987 1164 eius,

156 1169 180 1195 *
203 1168 323 1211 beati
342 1182 495 1211 omnes
515 1169 590 1220 qui
610 1168 840 1210 confidunt
858 1169 903 1209 in
922 1181 987 1210 eo.

208 1236 307 1276 Ant.
358 1234 519 1276 Beatus
557 1234 641 1275 iste
676 1238 870 1291 531101115,
913 1234 987 1286 qui

156 1290 347 1332 confisus
363 1295 430 1332 est
448 1291 493 1331 in
506 1290 709 1340 Domino,
727 1290 988 1343 praedicavit

154 1349 428 1400 praeceptum
436 1347 626 1397 Domini,
639 1347 904 1388 constiti'itus
921 1351 987 1389 est

154 1403 199 1444 in
217 1407 367 1445 monte
389 1408 542 1445 sancto
563 1403 665 1455 ejus.

207 1471 306 1512 Ant.
339 1469 409 1510 Tu
436 1481 483 1510 es
511 1468 651 1520 gloria
678 1481 790 1519 mea,
810 1470 835 1496 *
861 1472 911 1510 tu
939 1481 985 1510 es
1043 1471 1056 1512 {j
1073 1487 1078 1515 i
1095 1478 1142 1493 ²·

156 1525 388 1578 susceptor
410 1538 536 1566 meus
558 1525 763 1566 Domine:
795 1530 844 1567 tu
871 1524 985 1566 exal-

155 1585 253 1622 tans
273 1586 406 1634 caput
425 1594 587 1631 meum,
616 1586 660 1623 et
680 1581 896 1624 exaudisti
914 1594 985 1623 me

156 1636 212 1679 de
230 1641 379 1679 monte
399 1643 552 1680 sancto
570 1642 660 1680 tuo.

439 1715 638 1756 Psalmus
666 1717 701 1756 3.

248 1785 394 1827 omine
429 1785 536 1838 quid
570 1785 850 1838 multiplicati
883 1791 986 1829 sunt

259 1842 334 1894 qui
360 1841 571 1884 tribulant
597 1841 690 1883 me?
717 1842 742 1868 *
768 1843 895 1885 11111111
922 1843 984 1884 111-

154 1902 339 1949 surgunt
357 1897 592 1940 adversum
610 1911 692 1939 me.

204 1954 331 1996 Multi
347 1954 500 1996 dicunt
519 1955 677 1996 animae
692 1967 819 1996 meae:
836 1955 861 1982 *
878 1955 982 1998 Non

155 2015 223 2053 est
240 2010 358 2052 salus
375 2011 463 2063 ipsi
480 2011 526 2051 in
545 2011 642 2052 Deo
662 2012 764 2063 ejus.
791 2014 793 2017 ’

205 2068 275 2109 Tu
319 2071 467 2109 autem
510 2067 701 2108 Domine
752 2069 984 2121 susceptor

155 2136 279 2166 meus
300 2136 358 2174 es,
376 2123 400 2150 *
419 2123 560 2174 gloria
583 2136 692 2174 mea,
716 2129 761 2166 61
785 2125 983 2167 exaltans

155 2185 288 2233 caput
306 2193 463 2222 meum.

206 2237 332 2278 Voce
346 2249 445 2278 mea
459 2236 516 2278 ad
530 2237 770 2278 Dominum
785 2237 984 2280 clamavi:

154 2293 179 2319 *
207 2297 252 2334 61
279 2292 502 2334 exaudivit
528 2306 599 2334 me
628 2293 683 2335 de
709 2298 860 2335 monte
888 2307 983 2335 san-

155 2353 230 2390 cto
257 2361 349 2390 suo.

206 2405 303 2456 Ego
323 2404 528 2456 dormivi,
554 2410 599 2447 et
617 2408 852 2458 soporatus
872 2418 983 2447 sum:

155 2462 179 2487 *
203 2465 247 2503 61
270 2461 511 2512 exsurrexi,
536 2462 638 2513 quia
656 2462 873 2503 Dominus
893 2475 983 2503 5115-

156 2517 275 2569 cepit
293 2529 376 2558 me.

207 2573 310 2614 Non
346 2571 511 2614 timebo
548 2572 684 2614 millia
718 2574 873 2626 populi
905 2574 983 2616 cir-

157 2629 404 2671 cumdantis
427 2641 513 2670 me:
531 2629 555 2655 *
576 2633 763 2680 exsurge
782 2630 982 2681 Domine,

158 2685 327 2727 salvum
345 2698 416 2726 1116
435 2685 504 2726 fac
524 2685 646 2726 Deus
664 2698 800 2727 meus.

210 2742 427 2792 Quoniam
462 2746 510 2783 tu
540 2742 797 2794 percussisti
829 2755 982 2785 01111165

1040 320 1328 362 adversantes
1343 320 1450 361 mihi
1465 321 1560 362 sine
1575 332 1722 362 causa:
1732 319 1756 346 *
1772 319 1874 361 den-

1039 382 1107 419 tes
1126 379 1414 430 peccaterum
1434 377 1692 418 contrivisti.

1093 434 1275 475 Domini
1294 439 1362 475 est
1381 434 1514 475 salus:
1533 434 1557 459 ’⁸‘
1582 438 1626 475 61
1645 446 1778 486 super
1797 435 1874 486 po-

1041 490 1195 547 pulum
1214 495 1339 531 tuum
1358 490 1611 532 benedictio
1632 495 1718 531 tua.

1093 550 1127 589 Α
1136 555 1191 590 nt.
1213 548 1277 588 Tu
1296 559 1343 588 65
1362 546 1502 597 gloria
1521 559 1629 597 mea,
1648 551 1696 588 tu
1718 559 1765 588 es
1783 559 1873 588 5115-

1040 605 1195 656 ceptor
1216 616 1341 645 meus
1364 603 1568 645 Domine:
1600 608 1650 645 tu
1676 603 1874 645 exaltans

1040 664 1173 712 caput
1199 672 1361 710 meum,
1399 664 1443 701 et
1472 659 1691 701 exaudisti
1718 672 1789 702 me
1818 659 1874 702 de

1039 721 1188 758 monte
1210 721 1364 758 sancto
1384 721 1473 758 tuo.

1092 773 1142 825 V.
1171 777 1350 819 Amavit
1369 790 1470 819 eum
1487 777 1715 828 Dominus,
1745 782 1788 819 et
1808 790 1874 819 or-

1038 834 1159 875 navit
1192 846 1303 875 eum.
1346 837 1394 887 H.
1432 834 1600 875 Stolam
1633 834 1786 884 gloriae
1814 837 1873 875 in-

1040 890 1135 932 duit
1163 903 1273 932 eum.

1098 953 1224 993 Pater
1242 955 1404 993 noster.

1096 1013 1337 1053 Absolutio.
1368 1011 1540 1053 Exaudi
1556 1011 1757 1054 Domine.

1093 1069 1143 1120 Y.
1170 1071 1284 1114 Jube
1303 1071 1476 1114 domne.

1097 1134 1255 1175 Bened.
1290 1132 1603 1175 Benedictione
1621 1136 1848 1187 perpetua.

1040 1208 1109 1248 De
1125 1206 1325 1259 Epistola
1341 1206 1483 1259 prima
1492 1206 1612 1248 beati
1621 1207 1746 1249 Pauli
1754 1208 1873 1261 Apo-

1211 1263 1313 1305 stoli
1332 1263 1389 1305 ad
1408 1263 1701 1305 Timotheum.

1145 1327 1295 1369 Lectio
1319 1328 1340 1366 i.
1606 1328 1707 1377 (lap.
1733 1328 1768 1365 3.

1042 1394 1053 1443 ἓξ.
1076 1388 1284 1445 ,ςζιιο16115
1310 1401 1470 1430 561111οε
1507 1390 1552 1431 Si
1579 1390 1676 1442 quis
1705 1391 1873 1444 episco-

1043 1445 1052 1467 s
1074 1453 1095 1481 ’.
1167 1447 1321 1498 patum
1336 1445 1569 1497 desiderat,
1580 1446 1745 1488 bonum
1761 1461 1873 1501 opus

1133 1516 1135 1518 ·
1169 1501 1403 1543 desiderat.
1436 1502 1627 1555 Oportet
1651 1516 1757 1555 ergo
1785 1507 1872 1558 epi-

1039 1571 1226 1611 scopum
1276 1558 1708 1611 irreprehensibilem
1764 1574 1873 1613 esse,

1038 1617 1165 1656 unius
1188 1616 1338 1656 uxoris
1358 1616 1510 1666 virum,
1539 1616 1745 1668 sobrium,
1773 1631 1872 1671 pru-

1039 1670 1226 1722 dentem,
1255 1674 1469 1722 ornatum,
1487 1672 1708 1726 pudicum,
1726 1674 1872 1727 hospi-

1036 1727 1182 1779 talem,
1211 1728 1452 1779 doctorem,
1479 1742 1569 1771 non
1591 1730 1874 1783 vinolentum,

1036 1797 1125 1826 non
1150 1787 1472 1838 percussorem,
1501 1786 1582 1828 sed
1605 1787 1872 1838 modestum3

1037 1854 1125 1883 non
1144 1842 1398 1893 litigiosum,
1426 1855 1515 1884 non
1537 1843 1762 1896 cupidum,
1792 1845 1872 1887 sed

1037 1911 1128 1939 suae
1145 1898 1295 1940 domui
1308 1898 1421 1940 bene
1436 1900 1736 1952 praepositum,
1756 1901 1871 1943 filios

1035 1954 1272 1997 habentem
1297 1955 1500 1997 subditos
1527 1968 1627 1997 cum
1656 1957 1775 1998 omni
1803 1971 1870 1999 ca-

1037 2011 1197 2053 stitate.
1234 2011 1280 2053 Si
1305 2011 1402 2063 quis
1427 2016 1576 2054 autem
1602 2011 1754 2054 domui
1778 2027 1870 2056 suae

1036 2069 1230 2120 praeesse
1244 2068 1396 2118 nescit,
1418 2068 1643 2120 quomodo
1658 2070 1870 2112 Ecclesiae

1035 2124 1121 2165 Dei
1137 2123 1408 2174 diligentiam
1421 2124 1625 2167 habebit?
1646 2126 1748 2168 Non
1767 2130 1870 2169 neo-

1036 2180 1237 2232 phytum:
1272 2193 1327 2222 116
1358 2181 1403 2221 111
1435 2181 1688 2234 superbiam
1718 2183 1870 2230 elatus,

1035 2237 1079 2277 in
1093 2236 1302 2288 judicium
1314 2237 1480 2279 incidat
1495 2237 1671 2280 diaboli.
1680 2239 1871 2293 Oportet

1037 2298 1184 2334 autem
1198 2293 1321 2334 illum
1336 2298 1380 2336 et
1393 2294 1693 2338 testimonium
1706 2295 1870 2339 habere

1036 2348 1203 2390 bonum
1222 2349 1277 2391 ab
1296 2349 1349 2391 iis
1366 2350 1440 2402 qui
1458 2350 1566 2392 foris
1586 2351 1697 2402 su'nt,
1716 2357 1766 2395 ut
1781 2366 1870 2394 non

1035 2405 1081 2445 in
1113 2405 1402 2458 opprobrium
1434 2407 1616 2459 incidat,
1658 2413 1703 2451 et
1734 2409 1779 2450 in
1809 2408 1869 2450 la-

1038 2475 1199 2514 queum
1218 2461 1394 2504 diaboli.

1090 2519 1141 2570 Rg.
1175 2519 1299 2570 Euge
1331 2532 1458 2562 serve
1489 2519 1606 2562 bone
1639 2525 1684 2563 et
1714 2520 1868 2570 fidelis,

1037 2574 1140 2626 quia
1163 2575 1208 2616 in
1231 2588 1375 2628 pauca
1397 2575 1517 2618 fuisti
1541 2576 1700 2626 fidelis,
1734 2589 1869 2628 supra

1034 2631 1173 2673 multa
1206 2636 1251 2673 te
1285 2635 1566 2675 constituam:
1606 2633 1627 2655 *
1666 2633 1788 2674 Intra
1823 2632 1868 2673 in

1035 2687 1245 2738 gaudium
1282 2688 1450 2730 domini
1482 2689 1558 2730 tui.
1607 2683 1654 2733 X
1677 2688 1867 2730 Domine

1037 2743 1229 2797 quinque
1273 2745 1439 2787 talenta
1485 2744 1708 2801 tradidisti
1749 2743 1867 2794 mihi,
