2040 2976
524 207 596 240 Dic
620 207 671 239 222.
697 206 801 239 Julii.
849 205 883 239 S.
908 204 1042 238 Mariae
1068 203 1309 244 Magdalenae
1334 204 1470 237 Pocnit.

145 304 279 346 ducet
313 309 357 346 te
389 303 645 345 mirabiliter
677 302 859 344 dextera
889 307 975 343 tua.

142 360 194 412 V.
212 361 368 413 Specie
387 365 473 410 tua,
494 365 538 401 et
555 358 882 412 pulchritudine
900 362 976 399 tua

142 416 334 466 intende,
362 419 578 468 prospere
602 414 811 468 procede,
840 419 884 455 et
911 426 974 454 re-

143 485 239 523 gna.
266 473 325 514 Et
344 472 546 514 deducet.

449 535 602 576 Lectio
623 549 662 575 v.

227 584 401 626 uaesivit
427 597 532 635 ergo
558 584 697 637 prius,
726 588 770 625 et
796 583 974 624 minime

144 568 226 692 Q
247 641 429 682 invenit:
455 640 759 694 perseveravit
783 644 831 681 ut
857 642 972 691 qua'e-

142 702 270 746 reret,
289 696 406 739 unde
423 702 466 739 et
482 696 666 747 contigit
679 701 728 737 ut
741 695 974 737 inveniret:

143 757 380 805 actumque
409 758 493 802 est,
521 758 569 794 ut
594 751 813 794 desideria
839 751 975 793 dilata

143 812 410 859 crescerent,
435 814 479 851 et
504 809 746 851 crescentia
764 811 974 861 caperent

143 866 265 918 quod
291 866 572 907 invenissent.
608 866 724 907 Hinc
753 870 820 907 est
849 865 974 913 enim,

144 922 264 974 quod
296 921 351 964 de
386 921 545 964 eedem
577 935 742 975 sponsa
774 921 974 962 Ecclesia

141 979 185 1019 in
223 978 415 1020 Cantieis
454 979 726 1028 canticorum
763 978 886 1019 dicit:
923 978 974 1017 In

141 1035 303 1077 lectulo
339 1048 440 1077 meo
478 1048 558 1087 per
593 1039 747 1077 noctes
790 1034 973 1086 quaesivi

143 1104 274 1143 quem
293 1091 434 1143 diligit
453 1092 597 1133 anima
615 1104 724 1133 mea.
753 1091 973 1132 Dilectum

141 1160 331 1199 namque
345 1147 390 1188 in
403 1147 566 1190 lectulo
583 1148 829 1199 quaerimus,
843 1161 973 1199 quan-

144 1203 201 1245 do
232 1204 277 1244 in
308 1205 540 1256 praesentis
568 1204 671 1245 vitae
705 1203 974 1255 aliquantula

144 1260 295 1312 requie
331 1259 645 1313 Redempteris
682 1260 822 1300 nostri
864 1259 974 1300 desi-

145 1315 268 1357 derio
280 1313 562 1369 suspiramus.
581 1317 667 1357 Per
680 1320 856 1356 noctem
869 1318 975 1367 quae·

144 1372 296 1413 rimus:
325 1373 427 1424 quia
455 1373 538 1414 etsi
565 1374 650 1424 iam
676 1372 721 1412 in
748 1371 823 1413 illo
852 1385 976 1413 mens

143 1428 305 1479 vigilat,
315 1434 463 1470 tamen
479 1427 623 1470 adhuc
637 1429 790 1470 oculus
805 1428 975 1479 caligat.

196 1489 246 1539 [ᾗ.
279 1485 483 1526 Dilexisti
511 1485 737 1537 justitiam,
771 1490 815 1526 et
843 1484 977 1526 odisti

144 1542 438 1594 iniquitatem:
465 1544 487 1569 *
512 1541 754 1593 Propterea
782 1541 906 1586 unxit
933 1546 977 1582 te

144 1598 282 1648 Deus,
334 1598 457 1639 Deus
507 1602 608 1638 tuus
654 1597 754 1638 όΙθο
798 1597 977 1638 laetitiae.

143 1653 194 1703 V.
222 1655 411 1706 Propter
431 1654 680 1702 veritatem,
708 1658 752 1694 et
779 1666 976 1694 mansue·
1034 1660 1048 1701 22

145 1710 355 1760 tudinem,
375 1715 420 1751 et
438 1709 656 1762 justitiam.
684 1710 938 1762 Propterea.

444 1768 598 1809 Lectio
618 1769 674 1809 vi.

146 1821 274 1929 Sed
303 1822 378 1874 qui
405 1822 613 1864 dilectum
642 1835 770 1863 suum
796 1834 885 1863 non
917 1821 977 1862 in-

246 1879 386 1929 venit,
418 1884 556 1920 restat
592 1884 641 1920 ut
675 1883 845 1928 surgat,
877 1878 978 1918 civi-

147 1936 286 1976 tatem
314 1931 567 1984 circumeat,
595 1934 641 1976 id
670 1939 753 1983 est,
781 1939 980 1975 sanctam

150 1990 391 2032 electurum
409 1991 654 2033 Ecclesiam
679 1995 826 2031 mente
851 1995 895 2032 et
918 1990 978 2030 in-

151 2047 386 2098 quisitione
435 2050 683 2099 percurrat:
732 2059 813 2099 per
857 2046 979 2087 vicos

151 2114 251 2145 eum
269 2108 314 2144 et
331 2103 501 2155 plateas
522 2107 705 2155 quaerat,
729 2102 775 2143 id
793 2107 874 2151 est,
898 2115 979 2154 per

151 2162 338 2209 angusta
352 2163 396 2211 et
409 2159 498 2200 lata
511 2159 764 2211 gradientes
780 2158 979 2210 aspiciat3

152 2218 200 2254 ut
230 2215 267 2255 si
293 2227 387 2266 ‚qua
416 2215 611 2256 invenire
647 2215 691 2255 in
728 2214 790 2255 eis
822 2214 982 2266 valeat,

153 2271 244 2321 ejus
276 2271 462 2322 vestigia
489 2273 707 2322 exquirat:
744 2270 847 2322 quia
880 2275 981 2311 sunt

153 2327 350 2368 nonnulli
369 2327 501 2368 etiam
519 2327 623 2368 vitae
644 2326 881 2375 saecularis,
907 2326 981 2377 qui

152 2380 413 2423 imitandum
466 2381 632 2434 aliquid
681 2381 872 2423 habeant
925 2380 980 2422 de

150 2438 325 2480 'actiene
344 2438 530 2479 virtutis.
558 2438 815 2487 Quaerentes
834 2441 981 2478 autem

153 2508 234 2536 nos
253 2494 407 2545 vigiles
426 2493 664 2542 inveniunt,
690 2493 763 2544 qui
790 2491 980 2534 custudi-

154 2556 232 2592 unt
257 2551 498 2591 civitatem:
525 2549 627 2601 quia
653 2549 792 2590 saneti
816 2549 980 2597 Patres,

155 2607 232 2658 qui
268 2606 479 2647 Ecclesiae
517 2609 680 2646 statum
717 2602 981 2652 eustadium,

155 2662 282 2703 bonis
301 2662 464 2703 nostris
484 2660 643 2702 studiis
663 2663 914 2707 occurrunt,
933 2663 982 2700 ut

157 2729 238 2759 suo
261 2717 333 2758 vel
353 2716 492 2758 verbo
518 2716 589 2757 vel
612 2716 780 2767 scripto
799 2726 881 2755 nos
905 2713 980 2755 de-

1793 209 1862 244 439

1030 304 1168 341 ceant.
1215 300 1336 350 Quos
1370 313 1470 342 cum
1502 301 1728 353 paululum
1762 314 1858 354 per-

1028 359 1278 406 transimus,
1304 357 1549 398 invenimus
1570 371 1700 410 quem
1721 358 1860 409 diligi-

1028 426 1143 454 mus:
1172 413 1272 464 quia
1293 413 1568 466 Redemptor
1586 419 1748 463 noster,
1777 415 1860 455 etsi

1028 469 1273 511 humilitate
1288 469 1420 511 homo
1440 471 1553 511 inter
1568 470 1777 520 homines,
1798 470 1858 511 di-

1028 526 1212 568 vinitate
1231 531 1378 568 tamen
1398 539 1530 578 super
1549 526 1750 567 hemines
1770 527 1860 568 fuit.

1080 591 1130 641 R.
1151 586 1304 628 Fallax
1323 587 1474 637 gratia,
1497 591 1539 627 et
1555 600 1667 628 vana
1687 592 1753 628 est
1767 588 1859 639 pul-

1029 642 1250 684 chritudo:
1278 647 1299 669 *
1325 643 1482 684 Mulier
1513 643 1672 684 timens
1704 644 1859 692 Deum,

1028 699 1124 751 ipsa
1142 699 1403 741 laudabitur.
1436 700 1484 747 Y.
1507 699 1620 740 Date
1642 700 1680 740 ei
1701 699 1755 740 de
1775 699 1859 740 fru-

1029 761 1102 797 ctu
1133 759 1342 797 manuum
1372 759 1564 805 suarum,
1604 761 1646 797 et
1682 755 1861 797 laudent

1030 825 1127 853 eam
1152 813 1195 853 in
1220 813 1362 865 portis
1389 815 1525 865 epera
1551 813 1652 863 ejus.
1693 812 1861 853 Mulier.

1030 869 1183 910 Gldria
1202 869 1332 911 Patri.
1360 869 1528 910 Mulier.

1244 948 1293 986 In
1321 948 1391 987 III.
1420 948 1643 987 Nocturno.

1032 1008 1186 1049 Lectio
1208 1007 1348 1049 saneti
1366 1008 1595 1059 Evangelii
1620 1007 1862 1050 secundum

1357 1063 1533 1122 Lucam.

1130 1126 1283 1167 Lectio
1306 1126 1373 1166 vii.
1560 1126 1662 1177 Cap.
1678 1124 1713 1164 7.
1732 1124 1755 1162 f.

1030 1176 1106 1282 In
1130 1181 1206 1221 illo
1230 1182 1447 1233 tempore:
1487 1181 1694 1232 Rogabat
1712 1181 1736 1221 J
1740 1194 1862 1222 esum

1107 1235 1285 1290 quidam
1314 1237 1369 1278 de
1397 1237 1642 1289 pharisaeis,
1671 1243 1718 1278 ut
1745 1251 1861 1278 man-

1032 1294 1215 1336 ducaret
1234 1307 1332 1335 cum
1348 1293 1436 1335 illo.
1470 1293 1527 1334 Et
1542 1293 1765 1343 ingressus
1786 1293 1860 1334 do-

1029 1364 1149 1392 mum
1175 1349 1382 1403 pharisaei
1415 1349 1647 1391 discubuit.
1707 1350 1764 1391 Et
1798 1351 1860 1390 re-

1029 1408 1161 1460 liqua.

1063 1480 1257 1522 Homilia
1284 1480 1324 1521 S.
1353 1480 1586 1530 Augustini
1615 1480 1837 1532 Episcopi.

1143 1541 1223 1575 Lib.
1247 1542 1307 1575 50.
1333 1540 1475 1574 Homil.
1499 1540 1551 1573 233.
1578 1544 1666 1572 tom.
1696 1538 1751 1571 14».

1035 1593 1398 1659 ’,ᾗ
1423 1606 1522 1634 cum
1542 1592 1776 1643 legeretur,
1802 1598 1861 1634 at-

1071 1633 1142 1707 h!
1175 1649 1418 1691 tentissime
1456 1647 1656 1690 audistis:
1708 1654 1752 1689 et
1792 1662 1862 1690 res

1035 1706 1115 1728 “4ss
1140 1706 1142 1720 “
1175 1710 1300 1756 gesta
1324 1707 1501 1746 narrata
1528 1709 1661 1756 atque
1687 1707 1863 1746 versata

1033 1768 1100 1804 est
1123 1767 1224 1803 ante
1245 1761 1397 1803 oculos
1417 1760 1564 1802 cordis
1588 1761 1735 1802 vestri.
1789 1762 1862 1803 Vi-

1033 1819 1159 1860 distis
1184 1818 1298 1859 enim
1322 1830 1410 1858 non
1434 1829 1581 1866 earne,
1607 1816 1687 1857 sed
1705 1822 1862 1866 mente,

1032 1875 1272 1916 Dominum
1295 1874 1320 1914 J
1323 1886 1447 1914 esum
1470 1872 1692 1914 Christum
1716 1873 1762 1912 in
1785 1872 1861 1914 do-

1031 1944 1105 1973 mo
1130 1931 1338 1983 pharisaei
1362 1928 1706 1978 recumbentem,
1733 1934 1778 1970 et
1805 1928 1861 1970 ab

1032 1988 1108 2029 illo
1149 1987 1382 2028 invitatum
1427 1997 1515 2026 non
1555 1985 1862 2027 fastidientem.

1032 2043 1220 2085 Vidistis
1235 2043 1367 2084 etiam
1382 2042 1426 2082 in
1442 2041 1619 2082 civitate
1634 2041 1862 2083 mulierem

1033 2101 1262 2148 famesam,
1287 2097 1402 2138 mala
1425 2098 1578 2149 utique
1603 2097 1733 2147 fama,
1763 2111 1862 2150 quae

1034 2161 1129 2197 erat
1146 2155 1383 2208 peccatriX,
1403 2166 1492 2195 non
1510 2153 1737 2195 invitatam
1755 2154 1861 2194 irru-

1033 2214 1120 2253 isse
1135 2211 1349 2259 convivi0‚
1368 2210 1445 2252 ubi
1463 2222 1568 2251 suus
1582 2209 1779 2251 medicus
1798 2223 1861 2251 re-

1034 2267 1287 2315 cumbebat,
1315 2271 1359 2308 et
1386 2268 1599 2317 quaesisse
1626 2266 1700 2319 pia
1724 2267 1860 2318 impu-

1035 2324 1184 2365 dentia
1221 2323 1468 2364 sanitatem:
1507 2324 1695 2371 irruens,
1737 2322 1863 2374 quasi

1032 2380 1285 2431 importuna
1337 2378 1559 2428 convivio,
1611 2381 1862 2431 opportuna

1033 2435 1262 2477 beneficio.
1323 2435 1521 2476 Neverat
1553 2434 1667 2476 enim
1698 2439 1861 2485 quanto

1033 2491 1191 2532 morbo
1220 2490 1460 2533 laboraret:
1492 2494 1537 2531 et
1563 2489 1684 2530 illum
1713 2489 1769 2531 ad
1796 2502 1860 2530 sa-

1033 2547 1227 2588 nandum
1259 2559 1358 2588 esse
1387 2545 1612 2594 idoneum,
1644 2544 1701 2586 ad
1731 2557 1861 2596 quem

1033 2605 1228 2651 venerat,
1247 2602 1425 2644 sciebat.

1086 2657 1137 2707 R.
1156 2658 1219 2699 Os
1234 2671 1361 2699 suum
1376 2658 1547 2710 aperuit
1563 2655 1799 2708 sapientiae,
1817 2658 1861 2695 et

1033 2714 1106 2755 lex
1125 2713 1370 2755 clementiae
1394 2714 1438 2754 in
1456 2713 1605 2763 lingua
1628 2712 1734 2763 eius:
1759 2722 1860 2751 con-
