2040 2976
492 239 609 274 Aliud
634 239 809 273 Officium
833 239 867 272 S.
892 238 1055 271 ¹loannis
1079 238 1341 281 Ncpomuceni
1367 239 1472 272 Mart.

1744 239 1833 283 [255]

474 335 637 376 Oratio.

231 408 324 447 eus,
349 396 423 449 qui
446 396 504 438 ob
526 397 734 437 invictum
755 394 873 437 beati
891 394 960 436 Jo-

248 453 370 494 annis
402 451 715 494 sacramentale
747 451 963 493 silentium

141 521 256 550 nova
274 508 517 550 Ecclesiam
538 513 658 550 tuam
679 507 874 560 martyrii
892 519 960 548 co-

141 566 250 606 rona
273 563 508 606 decorasti:
536 563 607 614 da,
633 568 682 605 ut
706 564 797 615 ejus
821 565 960 604 exem-

141 620 217 673 plo
236 625 280 662 et
298 620 619 669 intercessione,
639 620 706 661 ori
723 624 875 661 nostro
892 632 961 660 cu-

143 675 332 718 stodiam
349 678 580 729 ponentes,
605 675 763 725 beatis,
793 675 867 727 qui
883 674 959 715 lin-

141 745 227 783 gua
245 745 333 774 non
351 738 451 774 sunt
472 732 599 785 lapsi,
622 733 962 773 annumeremur.

142 789 226 830 Per
243 789 489 831 Dominum.

300 869 387 910 Ad
413 870 800 912 Matutinum.

194 936 364 978 Invitat.
405 936 570 987 Regem
601 935 842 987 Martyrum
871 934 955 975 Do-

140 991 314 1041 minum,
334 993 357 1017 *
375 992 544 1042 Venite,
563 991 806 1034 adoremus

194 1056 261 1096 Ps.
289 1056 449 1107 Venite,
468 1057 745 1099 exsultemus
762 1057 798 1097 2.

443 1125 652 1176 Hymnus.

217 1199 246 1226 n
263 1186 481 1238 profunda
498 1187 639 1228 noctis
657 1186 811 1228 umbra

235 1242 292 1284 Et
309 1243 432 1294 gravi
451 1243 634 1294 caligine

217 1298 395 1341 Lustrat
413 1298 555 1341 aedem
575 1300 749 1341 flamma
767 1300 938 1351 munda,

219 1354 290 1396 Sic
308 1355 482 1408 jubente
500 1355 699 1398 Numine.

170 1424 308 1466 Nocte
325 1424 518 1465 nascitur
535 1424 560 1465 J
561 1426 736 1476 oannes,

220 1480 355 1521 Astra
373 1480 487 1522 coelo
507 1479 728 1522 devolant:

218 1536 361 1578 Nocte
379 1537 587 1588 mergitur
605 1537 630 1578 J
633 1539 806 1587 oannes,

220 1593 355 1635 Astra
372 1593 500 1635 funus
519 1595 742 1647 apparant.

142 1694 145 1696 -
168 1663 284 1705 Hinc
302 1675 379 1704 eor
398 1664 489 1716 ejus
507 1663 607 1714 igne
627 1663 815 1715 flagrans

223 1719 368 1762 Fortis
386 1720 472 1761 urit
491 1719 666 1762 caritas:

219 1775 334 1817 Hinc
353 1775 408 1817 ab
428 1776 518 1828 ejus
535 1784 614 1818 'ore
634 1789 814 1817 manans

220 1832 331 1874 Mira
348 1832 497 1885 prodit
516 1832 719 1874 suavitas,

143 1940 145 1942 .
172 1901 296 1943 Nunc
313 1903 462 1943 amore
481 1914 557 1943 cor
574 1901 791 1944 bonorum

222 1957 295 1999 Ad
314 1958 498 2000 salutem
516 1958 743 2010 pertrahit:

221 2013 349 2055 Nunc
366 2014 524 2056 timore
543 2027 618 2056 cor
636 2014 850 2056 malorum

222 2070 263 2110 A
280 2070 478 2121 gehenna
496 2070 686 2112 retrahit.

173 2138 391 2191 Pauperes
411 2139 579 2181 solatur
597 2152 695 2189 aere,

223 2195 453 2237 Derelictis
473 2195 688 2238 subvenit:

225 2251 326 2292 Non
345 2251 445 2293 sinit
462 2252 600 2304 justos
620 2253 775 2304 jacere:

222 2307 392 2349 Damna
409 2308 537 2349 famae
555 2308 782 2361 praepedit.

173 2375 255 2418 Per
271 2377 295 2417 J
299 2376 449 2418 oannis
468 2377 752 2426 sanctitatem,

226 2433 263 2474 Ο
282 2432 412 2474 beata
429 2433 632 2482 Trinitas,

223 2487 440 2531 Mentibus
460 2489 516 2531 da
534 2489 780 2542 puritatem,

226 2544 368 2586 Corde
389 2550 540 2596 regnet
560 2545 728 2587 caritas.
764 2545 915 2585 Amen.

380 2621 429 2660 In
454 2620 484 2659 I.
512 2620 732 2660 Nocturno.

199 2689 297 2730 Ant.
331 2689 425 2732 Erit
454 2691 599 2733 lumen
622 2691 758 2732 Israel
783 2690 966 2740 in-igne3

150 2751 194 2788 et
211 2750 385 2787 sanctus
404 2747 493 2798 ejus
512 2747 556 2787 in
574 2748 756 2788 flamma.

1067 335 1128 369 Ps.
1157 336 1271 369 trium
1298 336 1582 371 Nocturnorum
1613 338 1660 371 de
1689 338 1832 373 Comm.

1015 383 1129 417 unius
1153 383 1259 417 Mart.
1286 382 1353 426 [22]

1068 439 1166 481 Ant.
1200 439 1378 481 Sanavit
1402 440 1615 480 Dominus
1642 442 1836 491 puerum,

1015 499 1059 536 et
1077 494 1266 536 reddidit
1283 495 1404 537 illum
1422 496 1537 548 patri
1556 496 1656 545 ejus.

1067 554 1165 594 Ant.
1203 553 1314 593 Puer
1342 557 1486 594 autem
1518 557 1610 593 erat
1640 551 1835 593 minister

1014 607 1058 647 in
1085 609 1325 659 conspectu
1348 608 1524 649 Demini
1551 613 1652 650 ante
1680 609 1836 650 faciem

1016 663 1267 705 sacerdotis.

1068 716 1117 768 V.
1151 720 1479 762 Sacramentum
1512 721 1625 772 regis
1653 721 1834 762 abscon-

1016 775 1119 818 dere
1143 776 1308 818 bonum
1333 781 1408 818 est.
1442 780 1491 831 R.
1521 777 1667 829 Opera
1692 782 1837 818 autem

1014 832 1098 874 Dei
1115 832 1310 874 revelare
1328 833 1628 875 honorificum.

1163 910 1230 952 De
1252 910 1365 952 libro
1384 910 1691 952 Ecclesiastici.

1117 980 1269 1021 Lectio
1289 981 1312 1019 i.
1509 981 1610 1032 Cap.
1625 981 1681 1020 21.
1698 994 1731 1021 c.

1021 1058 1028 1093 s
1044 1065 1086 1099 ⁶222.
1119 1040 1254 1082 tultus
1286 1053 1311 1081 a
1342 1040 1531 1082 fenestra
1563 1041 1766 1092 respiciet
1793 1040 1836 1081 in

1020 1097 1105 1131 'tf
1138 1096 1329 1138 domum:
1365 1097 1430 1137 vir
1463 1102 1608 1138 autem
1640 1096 1834 1138 eruditus

1018 1133 1084 1181 Ψ
1100 1167 1109 1179 2
1136 1153 1241 1194 foris
1265 1153 1406 1195 stabit.
1441 1153 1631 1195 Stultitia
1648 1152 1835 1194 hominis

1015 1209 1262 1251 auscultare
1281 1222 1360 1262 per
1381 1210 1555 1251 ostium:
1581 1214 1624 1250 et
1642 1209 1836 1262 prudens

1015 1265 1267 1315 gravabitur
1291 1266 1565 1307 contumelia.
1600 1265 1737 1307 Labia
1761 1266 1835 1306 im-

1014 1320 1294 1373 prudentium
1314 1322 1446 1363 stulta
1464 1322 1717 1364 narrabunt:
1743 1335 1835 1364 ver-

1015 1377 1071 1419 ba
1087 1382 1233 1419 autem
1251 1378 1531 1430 prudentium
1549 1380 1711 1420 statera
1730 1391 1835 1431 pon-

1016 1432 1294 1476 derabuntur.
1337 1435 1387 1475 In
1418 1448 1494 1477 ore
1519 1435 1738 1476 fatuorum
1762 1448 1838 1476 cor

1015 1489 1202 1531 illorum:
1227 1496 1269 1532 et
1291 1492 1335 1532 in
1354 1490 1487 1533 corde
1508 1491 1768 1544 sapientium
1787 1504 1837 1533 os

1015 1546 1199 1588 illorum.
1256 1548 1373 1588 Dum
1416 1547 1636 1589 maledicit
1678 1547 1837 1599 impius

1018 1602 1254 1653 diabolum,
1281 1603 1503 1646 maledicit
1529 1604 1624 1656 ipse
1652 1604 1839 1644 animam

1016 1671 1149 1699 suam.
1204 1659 1391 1702 Susurro
1424 1659 1721 1712 coinquinabit
1754 1659 1838 1700 ani-

1016 1728 1132 1756 mam
1150 1728 1287 1767 suam,
1307 1721 1351 1758 et
1369 1716 1413 1757 in
1433 1716 1634 1758 omnibus
1653 1715 1839 1757 odietur:

1018 1775 1062 1812 et
1091 1772 1165 1823 qui
1193 1785 1292 1813 cum
1320 1785 1373 1816 eo
1402 1772 1624 1821 manserit,
1659 1770 1838 1813 odiosus

1017 1828 1113 1924 {rin
1152 1828 1311 1869 tacitus
1344 1833 1388 1870 et
1421 1830 1620 1870 sensatus
1652 1828 1837 1868 honora-

1048 1883 1144 1924 itur.

1069 1942 1119 1994 R.
1162 1944 1386 1986 Metuebat
1430 1956 1508 1985 rex
1544 1944 1570 1984 J
1572 1945 1775 1993 oannem,
1813 1941 1835 1964 *

1018 2000 1169 2042 Sciens
1197 2013 1295 2041 eum
1323 2000 1463 2040 virum
1490 2001 1649 2050 justum
1675 2005 1719 2041 et
1743 2013 1837 2041 san·
1885 2050 1887 2053 .

1019 2061 1147 2098 ctum.
1188 2049 1237 2100 V.
1262 2056 1320 2097 Et
1347 2055 1623 2098 custodiebat
1651 2068 1768 2106 eum,
1796 2061 1839 2098 et

1018 2112 1168 2154 audito
1193 2125 1246 2154 eo
1271 2112 1406 2154 multa
1428 2111 1627 2161 faciebat,
1645 2117 1689 2153 et
1707 2112 1838 2154 liben-

1017 2174 1084 2219 ter
1103 2182 1202 2211 eum
1221 2168 1436 2211 audiebat.
1462 2169 1622 2219 Sciens.

1118 2230 1269 2276 Lectio
1289 2234 1328 2274 ii.
1494 2234 1596 2285 Cap.
1614 2234 1679 2273 28.
1699 2246 1733 2274 c.

1097 2297 1240 2349 lagelli
1258 2298 1388 2350 plaga
1409 2298 1592 2340 livorem
1609 2298 1726 2339 facit:
1750 2297 1838 2350 pla-

1090 2399 1099 2409 „
1113 2367 1168 2405 ga
1203 2360 1348 2396 autem
1382 2354 1541 2405 linguae
1577 2355 1839 2396 comminuet

1019 2423 1130 2452 ossa.
1163 2411 1287 2451 Multi
1313 2410 1563 2452 ceciderunt
1586 2411 1629 2451 in
1653 2422 1727 2451 ore
1751 2409 1837 2460 gla-

1018 2466 1094 2515 dii,
1126 2465 1205 2508 sed
1236 2479 1323 2508 non
1355 2467 1418 2508 sic
1449 2467 1574 2518 quasi
1606 2466 1679 2517 qui
1710 2465 1836 2506 inter-

1018 2523 1159 2563 ierunt
1185 2535 1265 2574 per
1287 2523 1479 2574 linguam
1506 2535 1638 2563 suam.
1674 2521 1836 2562 Beatus

1020 2578 1093 2630 qui
1128 2583 1270 2619 tectus
1308 2583 1374 2620 est
1410 2591 1436 2619 a
1457 2578 1600 2629 lingua
1635 2588 1837 2627 nequam,

1020 2634 1094 2685 qui
1111 2634 1155 2674 in
1173 2633 1441 2676 iracundiam
1463 2633 1576 2673 illius
1595 2645 1683 2673 non
1700 2636 1835 2672 trans-

1017 2690 1111 2739 ivit,
1140 2695 1182 2731 et
1209 2691 1282 2742 qui
1307 2703 1394 2731 non
1419 2689 1598 2730 attraxit
1621 2689 1766 2739 jugum
1789 2687 1835 2727 il-

1018 2746 1116 2795 lius,
1144 2751 1188 2787 et
1211 2747 1255 2787 in
1273 2745 1455 2787 vinculis
1479 2745 1569 2796 ejus
1594 2756 1681 2785 non
1704 2747 1771 2784 est
1789 2743 1834 2783 li-
