2040 2976
735 186 848 221 Feria
872 186 985 221 tertia
1010 186 1060 220 ad
1083 186 1247 221 Laudes.

134 284 289 324 tatem:
313 283 337 310 *
363 281 638 334 iniquitatem
665 280 803 332 magis
833 293 963 333 quam

135 338 258 391 loqui
286 338 549 391 aequitatem.

186 394 391 437 Dilexisti
424 394 569 436 omnia
599 393 734 436 verba
765 393 962 447 praecipi-

133 451 323 501 tationis,
341 453 366 479 *
384 451 532 502 lingua
549 450 715 492 dolosa.

187 508 430 561 Propterea
458 508 580 549 Deus
614 506 811 549 destruet
842 511 887 549 te
919 506 964 547 in

135 565 277 614 finem,
296 565 321 592 *
341 563 500 606 evellet
522 568 578 614 te,
606 568 650 606 et
669 562 900 615 emigrabit
918 568 963 605 te

136 620 192 663 de
232 619 517 663 tabernaculo
555 624 651 662 tuo:
691 625 735 662 et
770 619 963 662 radicem

135 682 256 719 tuam
276 677 331 719 de
356 681 474 719 terra
491 676 739 718 viventium.

189 733 415 776 videbunt
441 733 560 785 justi,
589 738 632 775 et
659 733 891 783 timebunt,
920 738 964 774 et
1086 707 1122 727 *

136 803 269 844 super
298 803 398 832 eum
425 788 647 840 ridebunt,
676 795 720 832 et
747 789 911 836 dicent.
939 791 963 816 *

136 847 252 889 Ecce
274 846 427 896 homo,
448 846 523 898 qui
545 859 634 888 non
651 846 800 920 posuit
819 847 963 889 Deum

137 903 380 955 adjutorem
399 916 543 945 suum:

189 959 277 1002 Sed
304 959 500 1012 speravit
526 959 874 1044 in*multit1'1dine
903 959 963 1001 di-

136 1016 340 1058 vitiatum
359 1018 552 1058 suarum:
566 1018 652 1059 *et
670 1016 931 1069 praevaluit
919 1030 963 1058 111

136 1073 329 1115 vanitate
348 1086 438 1115 sua.

187 1129 283 1181 Ego
302 1134 459 1180 autem,
477 1129 589 1171 sicut
609 1129 724 1171 oliva
742 1129 964 1171 fructifera

135 1186 180 1227 in
206 1186 339 1228 domo
358 1186 458 1236 Dei,
477 1187 501 1213 *
528 1187 705 1239 speravi
733 1186 777 1227 in
799 1186 962 1228 miseri-

137 1242 288 1284 cordia
304 1243 390 1285 Dei
417 1243 461 1284 in
489 1245 790 1288 aeternumzet
817 1243 860 1284 in
886 1245 963 1284 536-

138 1299 284 1340 culum
303 1299 463 1341 saeculi.

191 1355 446 1397 Confitebor
464 1355 545 1397 tibi
564 1355 608 1396 in
627 1355 846 1406 saeculum,
863 1356 965 1408 quia

137 1411 296 1453 fecisti:
331 1413 356 1439 *
399 1416 443 1453 et
489 1411 758 1465 exspectabo
803 1425 963 1454 nomen

135 1471 269 1517 tuum,
295 1468 501 1520 quoniam
520 1467 686 1510 bonum
712 1473 779 1510 est
800 1469 844 1510 in
864 1481 963 1510 con-

135 1525 291 1576 spectu
309 1526 560 1566 sancterum
578 1527 764 1566 tuorum.

186 1583 286 1625 Ant.
313 1584 435 1626 Deus
461 1584 645 1627 deerum
662 1585 878 1627 Dominus
902 1585 962 1626 lo-

135 1643 262 1682 cutus
282 1645 360 1683 est.

186 1705 270 1746 Per
289 1706 474 1746 Annum.
502 1700 553 1753 V.
576 1706 761 1748 Immola
779 1706 877 1749 Deo
899 1721 962 1749 sa-

136 1761 348 1804 crificium
356 1762 509 1804 laudis.
521 1764 572 1816 Rv.
586 1763 643 1805 Et
656 1762 793 1805 redde
802 1763 964 1806 Altissi-

135 1831 208 1860 mo
227 1822 332 1861 vota
349 1823 435 1861 tua.

186 1883 272 1922 Pro
314 1893 399 1921 uno
438 1880 639 1933 Martyre.
685 1876 735 1928 V.
772 1885 964 1928 Posuisti

134 1939 322 1982 Domine
350 1954 483 1994 super
510 1945 642 1994 caput
670 1942 772 1993 ejus.
798 1942 849 1992 Rz.
883 1943 962 1985 Co-

135 1998 288 2039 ronam
307 1997 362 2040 de
382 1997 530 2051 lapide
548 1998 756 2051 pretioso.

187 2060 271 2101 Pro
291 2059 489 2112 pluribus
508 2060 782 2113 Martyribus.
807 2058 857 2110 V.
879 2064 961 2106 Ex-

136 2117 299 2160 sultent
347 2118 448 2170 justi
491 2118 535 2159 in
583 2121 824 2172 conspectu
867 2120 962 2162 Dei.

134 2173 186 2225 R.
203 2175 260 2216 Et
278 2174 551 2217 delectentur
568 2175 612 2216 in
631 2175 793 2217 laetitia.

186 2238 272 2279 Pro
303 2239 422 2280 Conf.
449 2240 573 2282 Pont.
610 2235 660 2287 V.
690 2241 835 2292 Elegit
863 2255 962 2284 eum

134 2295 349 2337 Dominus
376 2296 652 2339 sacerdetem
679 2297 772 2339 sibi.
809 2300 860 2351 Rz.
889 2299 962 2342 Ad

135 2352 470 2394 sacrificandum
489 2353 530 2395 ei
549 2353 737 2396 hestiam
757 2354 909 2396 laudis.

133 2459 135 2461 ¹
186 2416 220 2455 P
223 2428 271 2455 ro
294 2414 413 2455 Conf.
434 2428 521 2456 non
540 2417 574 2456 Ι
577 2422 663 2459 ont.
694 2414 743 2466 V.
775 2419 836 2460 Os
861 2420 962 2472 justi

134 2471 417 2515 meditabitur
434 2474 701 2526 sapientiam.
727 2476 777 2527 R.
808 2476 864 2517 Et
885 2476 961 2518 lin-

135 2540 220 2578 gua
240 2529 330 2580 ejus
349 2529 554 2582 loquetur
573 2530 789 2582 judicium.

186 2594 271 2634 Pro
310 2606 394 2634 una
430 2592 598 2634 Sancta.
634 2589 685 2642 V.
723 2596 961 2648 Adjuvabit

136 2661 232 2689 eam
259 2649 381 2691 Deus
408 2650 532 2692 vultu
559 2663 650 2693 suo.
688 2652 740 2703 R.
767 2653 890 2695 Deus
917 2655 960 2695 in

134 2704 279 2747 medio
298 2707 399 2758 ejus,
418 2720 506 2748 non
526 2708 883 2751 commovebitur.

1274 283 1353 324 Ad
1377 283 1585 325 Laudes.

1071 341 1171 380 Ant.
1192 336 1301 379 Dele
1320 337 1508 379 Domine
1527 338 1551 365 *
1569 337 1844 390 iniquitatem

1014 406 1373 492 melfflssfiserere
1391 449 1478 491 mei
1497 449 1629 491 Deus.
1656 451 1722 491 48.

1075 510 1170 549 Α111.
1199 506 1411 548 salutare.

1293 567 1356 607 l's·
1349 568 1485 607 11111115
1515 570 1578 607 4⁴„
1556 570 1568 592 '

1020 630 1056 678 Q
1028 619 1259 733 &pudica
1290 631 1360 661 me
1394 619 1534 669 Deus,
1570 623 1613 660 et
1646 618 1844 660 discerne

1147 737 1307 783 sancta,
1317 734 1340 760 *
1356 732 1410 774 ab
1430 731 1634 773 hemine
1624 734 1784 784 miquo,
1800 737 1843 774 et

1016 789 1173 832 doleso
1194 791 1296 831 erue
1315 802 1397 831 me.

1068 846 1179 897 Quia
1195 851 1245 888 tu
1264 859 1311 888 es
1325 846 1447 888 Deus
1466 845 1678 887 fortitudo
1697 858 1810 886 mea:
1821 847 1844 872 *

1016 904 1161 953 Quare
1176 916 1246 944 me
1262 902 1484 955 repulisti?
1501 907 1544 944 et
1559 915 1693 954 quare
1707 902 1844 943 tristis

1015 959 1183 1010 incedo,
1204 959 1309 1001 dum
1328 959 1483 1010 affligit
1498 971 1569 1000 me
1588 957 1813 999 inimicus?

1067 1016 1231 1058 Emitte
1251 1015 1395 1057 lucem
1412 1020 1533 1057 tuam
1553 1019 1597 1057 et
1613 1015 1845 1057 veritatem

1014 1077 1151 1114 tuam:
1179 1074 1203 1100 *
1235 1073 1332 1125 ipsa
1364 1085 1434 1114 me
1471 1071 1768 1122 deduxerunt,
1802 1077 1845 1113 et

1016 1129 1292 1172 adduxerunt
1324 1130 1369 1170 in
1415 1133 1610 1171 montem
1647 1133 1845 1170 sanctum

1015 1191 1149 1236 tuum,
1175 1191 1218 1228 et
1242 1186 1286 1227 in
1304 1185 1590 1228 tabernacula
1610 1190 1695 1227 tua.

1068 1243 1124 1296 Et
1151 1242 1342 1284 introibo
1371 1242 1428 1284 ad
1455 1242 1593 1284 altare
1615 1242 1717 1284 Dei:
1736 1244 1760 1269 *
1788 1242 1845 1284 ad

1017 1300 1178 1349 Deum,
1217 1299 1290 1351 qui
1334 1298 1529 1340 laetificat
1576 1299 1845 1350 juventiitem

1015 1368 1169 1397 meam.

1070 1411 1324 1454 Confitebor
1350 1411 1431 1453 tibi
1457 1412 1502 1452 in
1530 1411 1696 1453 cithara
1722 1412 1844 1453 Deus

1016 1469 1137 1511 Deus
1162 1481 1303 1510 meus:
1323 1470 1346 1496 *
1374 1481 1508 1521 quare
1527 1468 1664 1509 tristis
1691 1481 1738 1510 es
1758 1469 1844 1509 3111-

1015 1538 1087 1567 1113
1103 1525 1226 1566 mea?
1245 1530 1288 1566 et
1309 1538 1443 1577 quare
1463 1524 1700 1566 conturbas
1718 1525 1813 1567 me?

1067 1581 1205 1634 Spera
1236 1582 1279 1622 in
1311 1582 1428 1632 Deo,
1464 1582 1670 1634 quoniam
1701 1581 1844 1623 adhuc

1017 1638 1263 1680 confitebor
1295 1638 1371 1679 illi:
1410 1639 1434 1666 *
1470 1638 1661 1680 salutare
1698 1638 1844 1679 vultus

1015 1695 1112 1746 mei,
1133 1700 1176 1737 et
1195 1695 1318 1737 Deus
1341 1707 1476 1736 meus.

1073 1751 1172 1792 Ant.
1211 1751 1412 1794 Salutate
1457 1750 1602 1792 vultus
1646 1752 1753 1802 mei,
1802 1756 1845 1793 et

1015 1809 1138 1851 Deus
1156 1822 1291 1851 meus.

1068 1866 1167 1905 Ant.
1190 1865 1261 1908 Ad
1276 1870 1321 1907 te
1339 1865 1395 1907 de
1413 1865 1512 1907 luce
1528 1867 1552 1893 *
1565 1865 1697 1916 vigilo
1711 1865 1844 1907 Deus.

1070 1922 1137 1962 Ps.
1157 1922 1279 1964 Deus
1297 1922 1419 1964 Deus
1442 1935 1577 1963 meus.
1604 1922 1663 1963 15.

1069 1978 1168 2019 Ant.
1198 1979 1377 2020 Cunctis
1406 1977 1572 2020 diebus.

1069 2035 1299 2077 Canticum
1320 2035 1532 2076 Ezechiae.
1555 2045 1668 2079 Isaiae
1685 2045 1740 2079 38.
1757 2046 1790 2079 b.

1094 2104 1152 2142 go
1172 2091 1282 2134 dixi:
1300 2091 1353 2132 In
1372 2090 1552 2133 dimidio
1568 2090 1737 2133 dierum
1754 2104 1840 2133 me-

1109 2150 1235 2190 orum
1248 2149 1272 2176 *
1288 2147 1448 2190 vadam
1466 2147 1523 2190 ad
1539 2151 1690 2200 portas
1704 2147 1840 2190 inferi.

1067 2205 1260 2255 Quaesivi
1283 2204 1506 2246 residuum
1524 2205 1737 2246 annerum
1755 2217 1840 2246 me-

1015 2262 1150 2302 orum.
1169 2262 1193 2286 *
1219 2261 1344 2302 Dixi:
1371 2260 1473 2303 Non
1502 2259 1663 2302 videbo
1693 2261 1840 2302 Domi-

1013 2330 1118 2358 num
1135 2317 1281 2360 Deum
1301 2318 1344 2359 in
1363 2322 1481 2359 terra
1500 2317 1746 2366 viventium.

1065 2373 1168 2416 Non
1195 2374 1405 2427 aspiciam
1431 2374 1653 2415 hominem
1679 2373 1802 2424 ultra,
1817 2375 1840 2402 *

1015 2435 1059 2472 et
1076 2429 1369 2473 habitatorem
1390 2430 1558 2483 quietis.

1067 2487 1306 2529 Generatio
1341 2500 1440 2529 mea
1485 2486 1631 2528 ablata
1668 2489 1757 2535 est,
1796 2489 1839 2526 et

1015 2543 1251 2585 convoluta
1271 2548 1338 2585 est
1357 2556 1383 2584 a
1400 2556 1486 2594 me,
1506 2544 1530 2570 *
1550 2541 1674 2595 quasi
1697 2540 1836 2582 taber-

1013 2599 1219 2641 naculum
1240 2602 1477 2653 pastorum.

1064 2656 1255 2698 Praecisa
1275 2661 1342 2698 est
1362 2655 1482 2698 velut
1503 2668 1529 2697 a
1548 2657 1734 2703 texente,
1749 2653 1838 2694 vita

1013 2725 1130 2754 mea:
1157 2712 1261 2754 dum
1285 2712 1428 2754 adhuc
1451 2711 1634 2761 ordirer,
1653 2708 1837 2751 succidit
