2040 2976
475 207 650 241 Officium
674 207 847 240 votivum
874 207 919 240 dc
946 207 1191 240 Immaculata
1218 206 1399 248 Concept.
1425 205 1465 239 Β.
1491 205 1537 239 M.
1562 205 1605 239 V.

245 303 292 353 lx’g.
315 302 352 340 ii.
375 300 579 340 Transite
603 298 659 340 ad
679 312 749 340 me
770 312 921 342 omnes
943 302 1015 354 qui

188 356 496 409 concupiscitis
511 368 596 396 me:
619 360 640 385 *
660 356 716 397 Et
735 356 923 398 narrabo
944 371 1016 399 vo-

186 413 264 461 bis,
286 417 447 464 quanta
467 412 570 454 fecit
584 412 704 453 Deus
725 413 881 454 animae
895 427 1016 455 meae.

194 468 241 519 Y.
255 469 379 511 Vivit
398 468 632 518 Deminus,
659 469 864 520 quoniam
884 469 1016 511 adim-

187 525 324 578 plevit
347 525 391 565 in
414 537 485 566 me
507 524 855 566 misericordiam
881 539 1017 567 suam.

187 583 243 624 Et
264 581 465 623 narrabo.

243 647 293 697 R.
317 646 371 685 iii.
395 643 548 684 Electa
572 656 669 684 mea
694 643 881 685 candida
906 644 1017 684 sicut

191 700 263 740 nix
291 700 333 740 in
362 699 547 749 Liban03
579 700 691 742 sicut
724 700 847 742 favus
882 699 1017 741 distil-

190 756 283 797 lans
297 756 414 798 labia
429 757 566 808 ejusz*
587 756 674 797 Mel
694 762 737 798 et
755 757 822 798 lac
842 756 922 797 sub
942 756 1017 796 lin-

190 826 275 863 gua
290 813 414 854 illius.
439 811 489 862 V.
506 813 619 854 Veni
635 812 690 854 de
705 813 874 854 Libano
890 825 1017 865 spon-

189 882 237 910 sa
262 882 374 919 mea,
404 869 519 918 veni,
548 869 829 911 coronaberis
854 871 1018 910 corona

188 926 438 976 gratiarum.
466 925 564 966 Mel.
595 925 745 967 Gloria
761 925 891 967 Patri.
920 925 1018 966 Mel.

416 996 463 1034 In
492 997 541 1035 11.
571 996 792 1034 Nocturno.

244 1059 343 1098 Ant.
370 1054 537 1095 Diffusa
556 1060 623 1096 est
642 1056 665 1081 *
685 1054 824 1107 gratia
843 1054 886 1094 in
907 1054 1016 1095 Con-

190 1111 392 1164 ceptiene
410 1111 511 1163 ejus
531 1116 574 1152 et
593 1111 795 1164 speciosa
815 1111 1019 1163 apparuit

189 1167 301 1209 inter
320 1167 431 1207 filias
451 1167 686 1208 heminum.

245 1229 343 1269 Ant.
370 1222 549 1275 Adiuvit
574 1236 671 1265 eam
696 1225 720 1251 *
744 1224 866 1265 Deus
890 1236 1018 1264 mane

191 1279 403 1330 diluculo;
439 1280 727 1322 sanctificavit
762 1280 1018 1322 tabernacu-

190 1337 280 1378 lum
299 1350 427 1378 suum
446 1336 709 1378 Altissimus.

247 1396 281 1435 A
289 1401 343 1436 nt.
367 1393 571 1435 Gloriosa
589 1394 612 1418 *
633 1393 751 1435 dicta
770 1398 870 1434 sunt
890 1392 945 1434 de
964 1397 1019 1442 te,

193 1450 345 1492 civitas
372 1449 471 1491 Dei:
507 1448 706 1492 fundavit
733 1455 777 1492 te
805 1449 1019 1491 Dominus

192 1507 235 1547 in
254 1506 476 1548 montibus
496 1507 668 1548 sanctis.

244 1564 294 1615 V.
319 1564 369 1604 In
388 1563 474 1604 hoc
494 1563 699 1614 cognovi,
721 1563 927 1615 quoniam
947 1575 1020 1604 vo-

192 1620 309 1662 luisti
327 1633 408 1661 me.
443 1626 491 1677 R.
518 1620 735 1669 Quoniam
753 1633 843 1661 non
862 1619 1019 1670 gaude-

193 1677 257 1719 bit
274 1677 472 1718 inimicus
490 1689 614 1717 meus
634 1689 766 1729 super
784 1689 864 1718 me.

194 1757 262 1797 Ex
273 1754 400 1796 Bulla
418 1753 668 1806 dogmatica
678 1754 745 1794 Pii
758 1754 893 1806 Papae
907 1753 1021 1795 noni.

495 1827 647 1867 Lectio
668 1826 720 1865 iv.
907 1832 912 1837 ‘

198 1885 497 1932 suaniam
513 1897 612 1937 quae
631 1885 688 1927 ad
708 1884 874 1926 cultum
892 1884 1022 1937 perti-

203 1937 315 2000 'A
347 1947 465 1992 nent,
499 1942 652 1983 intimo
685 1942 815 1994 plane
847 1941 1022 1983 vinculo

198 1998 220 2011 ¹*
349 2012 447 2040 cum
485 1998 681 2051 ejusdem
714 1997 885 2050 objecto
924 2011 1022 2039 con-

196 2057 313 2096 serta
337 2060 447 2105 sunt,
472 2068 615 2107 neque
640 2059 734 2096 rata
759 2060 802 2096 et
825 2054 913 2095 fixa
936 2067 1023 2095 ma-

195 2114 298 2153 nere
317 2117 513 2164 possunt,
537 2113 574 2153 si
592 2111 702 2153 illud
721 2124 883 2164 anceps
904 2111 961 2152 sit
981 2117 1024 2153 et

195 2168 239 2208 in
255 2168 457 2219 ambiguo
471 2170 679 2218 versetur,
695 2168 860 2210 idcirco
876 2168 1023 2210 deces-

197 2226 321 2265 sores
344 2225 483 2266 nostri
506 2225 694 2266 Romani
717 2224 954 2266 Pontifices
980 2237 1023 2266 o—

196 2281 286 2321 mni
306 2293 410 2322 cura
425 2281 735 2333 Conceptionis
755 2280 919 2323 cultum
938 2295 1024 2322 am-

196 2336 459 2390 plificantes,
491 2337 606 2378 illius
639 2338 769 2379 etiam
807 2338 1025 2390 objectum

198 2407 249 2435 ac
280 2393 524 2435 doctrinam
553 2392 794 2444 declarare,
823 2400 866 2436 et
892 2395 1024 2436 incul-

198 2452 299 2492 care
317 2450 637 2503 impensissime
657 2450 926 2493 studuerunt.
953 2451 1024 2493 Et—

198 2507 313 2548 enim
337 2506 452 2548 clare
477 2508 716 2559 aperteque
741 2506 941 2558 docuere,
967 2508 1025 2549 fe-

198 2568 314 2605 stum
338 2563 408 2614 agi
427 2562 482 2604 de
501 2562 696 2613 Virginis
716 2563 1025 2615 Conceptione,

199 2625 330 2671 atque
363 2619 426 2660 uti
462 2618 615 2660 falsam
649 2624 692 2660 et
724 2619 779 2661 ab
814 2620 1026 2661 Ecclesiae

199 2681 344 2717 mente
356 2675 661 2716 alienissimam
675 2675 1027 2727 proscripserunt

199 2732 372 2774 illorum
393 2732 645 2785 opinionem
665 2732 739 2784 qui
758 2744 845 2772 non
864 2732 1026 2773 Conce-

1069 303 1265 355 ptionem
1298 302 1454 354 ipsam,
1482 301 1561 343 sed
1593 302 1898 345 sanctificatio-

1069 371 1169 400 nem
1188 358 1243 399 ab
1262 358 1462 400 Ecclesia
1481 357 1566 399 coli
1586 358 1900 402 arbitrarentur

1071 421 1114 457 et
1133 415 1413 456 affirmarent.

1122 474 1172 524 R'·
1193 471 1287 521 Ego
1308 484 1362 512 ex
1382 484 1458 512 ore
1479 471 1694 513 Altissimi
1711 471 1899 524 prodivi,

1070 527 1361 580 primogenita
1394 533 1494 570 ante
1526 540 1700 569 omnem
1732 532 1898 570 creatu-

1070 597 1177 624 ram:
1203 597 1285 635 ego
1306 584 1390 625 feci
1408 585 1452 625 in
1472 584 1614 634 coelis,
1638 589 1687 626 ut
1713 585 1900 627 oriretur

1070 640 1216 682 lumen
1233 639 1500 682 indeficiens.
1515 643 1538 666 *
1553 640 1762 682 Nondum
1777 647 1900 683 erant

1071 697 1233 750 abyssi,
1260 702 1304 738 et
1328 710 1411 747 ego
1432 698 1517 749 jam
1536 699 1751 750 concepta
1770 710 1911 739 eram.⁴

1072 752 1121 801 V.
1147 754 1269 795 Deus
1296 754 1410 795 enim
1436 754 1601 796 creavit
1625 767 1696 795 me
1720 754 1764 795 in
1783 755 1898 806 justi-

1070 811 1146 860 tia,
1174 816 1218 852 et
1241 810 1533 863 apprehendit
1553 823 1728 851 manum
1747 823 1900 861 meam,

1072 873 1115 909 et
1135 867 1327 909 servavit
1346 880 1427 908 me.
1453 866 1675 908 Nondum.

1383 925 1533 965 Lectio
1556 939 1591 963 v.

1072 978 1283 1084 Neque
1308 980 1454 1021 mitius
1481 992 1580 1021 cum
1605 980 1658 1021 iis
1685 979 1901 1031 agendum

1193 1049 1290 1078 esse
1318 1036 1633 1086 existimarunt,
1662 1037 1737 1088 qui
1761 1035 1818 1078 ad
1842 1037 1901 1078 la-

1072 1092 1382 1134 befactandam
1410 1092 1465 1134 de
1492 1092 1778 1134 Immaculata
1804 1093 1901 1135 Vir-

1073 1149 1183 1200 ginis
1220 1149 1519 1201 Conceptione
1553 1148 1799 1190 doctrinam
1831 1162 1901 1190 ex-

1073 1205 1268 1256 cogitato
1292 1205 1404 1246 inter
1427 1204 1616 1257 primum
1640 1210 1771 1257 atque
1799 1204 1902 1246 alte-

1072 1274 1168 1303 rum
1196 1260 1509 1313 Conceptionis
1541 1261 1707 1303 instans
1741 1266 1784 1303 et
1810 1273 1901 1302 mo-

1072 1319 1268 1359 mentum
1283 1317 1543 1367 discrimine,
1561 1317 1817 1359 asserebant
1835 1330 1902 1359 ce-

1072 1374 1235 1416 lebrari
1255 1374 1433 1427 quidem
1448 1374 1804 1427 Conceptionem,
1823 1373 1903 1416 sed

1073 1444 1161 1472 non
1184 1444 1266 1484 pro
1291 1431 1435 1484 primo
1454 1431 1634 1472 instanti
1661 1435 1793 1482 atque
1811 1444 1902 1472 mo-

1073 1490 1233 1530 mento.
1271 1488 1365 1540 Ipsi
1391 1500 1580 1539 namque
1605 1486 1903 1540 praedecesso-

1074 1558 1144 1586 res
1179 1544 1320 1586 nostri
1361 1546 1539 1586 suarum
1578 1544 1771 1597 partium
1806 1556 1904 1586 esse

1074 1601 1309 1652 duxerunt,
1343 1606 1386 1643 et
1417 1601 1684 1642 beatissimae
1711 1601 1904 1652 Virginis

1075 1658 1387 1710 Conceptionis
1402 1658 1574 1707 festum,
1585 1663 1628 1699 et
1644 1657 1903 1710 Conceptio-

1074 1727 1175 1756 nem
1198 1727 1280 1767 pro
1304 1715 1447 1766 primo
1473 1714 1652 1755 instanti
1679 1719 1904 1765 tamquam

1075 1784 1226 1812 verum
1254 1771 1396 1813 cultus
1423 1771 1642 1823 objectum
1671 1771 1788 1811 omni
1817 1773 1904 1812 stli-

1075 1828 1148 1870 dio
1168 1827 1281 1869 tueri
1304 1840 1355 1869 ac
1374 1829 1668 1880 propugnare.
1697 1827 1812 1868 Hinc
1833 1826 1904 1868 de-

1076 1885 1263 1926 cretoria
1290 1884 1420 1936 plane
1448 1883 1594 1933 verba,
1622 1883 1780 1935 quibus
1805 1883 1905 1925 Ale·

1076 1941 1242 1983 xander
1275 1941 1487 1993 septimus
1519 1939 1729 1981 decessor
1755 1945 1906 1982 noster

1076 1998 1290 2039 sinceram
1313 1997 1526 2039 Ecclesiae
1549 2002 1742 2038 mentem
1765 1996 1906 2038 decla-

1076 2055 1204 2104 ravit,
1245 2054 1464 2106 inquiens:
1517 2054 1631 2095 Sane
1672 2058 1798 2095 vetus
1839 2058 1907 2095 est

1078 2110 1438 2152 Christifidelium
1463 2123 1567 2161 erga
1593 2111 1684 2162 ejus
1709 2109 1907 2152 beatissi-

1076 2181 1192 2208 mam
1235 2167 1422 2208 Matrem
1456 2167 1683 2217 Virginem
1724 2166 1907 2207 Mariam

1076 2226 1217 2277 pietas
1238 2223 1528 2273 sentientium,
1546 2224 1636 2276 ejus
1657 2222 1845 2264 animam
1863 2223 1907 2263 in

1076 2281 1218 2334 primo
1241 2280 1420 2322 instanti
1440 2279 1675 2321 creatioms
1696 2284 1827 2331 atque
1847 2279 1906 2319 in-

1077 2337 1258 2378 fusi6nis
1291 2337 1334 2377 in
1367 2349 1528 2388 corpus
1561 2336 1694 2377 fuisse
1727 2334 1907 2388 speciali

1077 2393 1161 2435 Dei
1176 2393 1316 2444 gratia
1331 2398 1375 2434 et
1391 2392 1633 2446 privilegio,
1647 2392 1807 2433 intuitu
1820 2404 1906 2433 me-

1078 2450 1261 2491 ritorum
1285 2450 1309 2490 J
1312 2462 1389 2491 esu
1409 2449 1571 2490 Christi
1596 2450 1686 2500 eius
1711 2448 1810 2489 Filii
1833 2447 1907 2488 hu-

1078 2506 1194 2547 mani
1222 2506 1394 2557 generis
1418 2505 1740 2558 RedemptOris,
1767 2517 1792 2546 a
1818 2506 1906 2545 ma-

1080 2562 1907 2615 culapeccatioriginalispraeservatam

1079 2619 1324 2668 immunem,
1350 2625 1482 2671 atque
1501 2619 1546 2659 in
1562 2618 1648 2660 hoc
1667 2631 1797 2659 sensu
1816 2618 1907 2669 ejus

1080 2675 1391 2728 Conceptic'mis
1417 2675 1699 2717 festivitatem
1723 2673 1905 2715 solemni

1078 2731 1164 2772 ritu
1185 2732 1422 2774 colentium
1441 2736 1485 2773 et
1504 2730 1829 2773 celebrantium.
