2040 2976
509 173 579 207 Die
603 173 654 206 25.
681 173 780 214 Maii.
821 173 855 207 S.
881 173 1060 215 Gregorii
1087 173 1166 206 VII.
1191 174 1309 216 Papae
1334 180 1369 208 ct
1395 175 1502 209 Cons.

155 285 242 325 quo
261 271 417 313 melius
429 275 583 324 posset
597 270 811 321 excelere,
831 273 985 312 eerum

153 332 337 370 numero
364 326 556 369 adscribi
581 327 737 377 veluit,
767 327 842 379 qui
860 327 984 368 Senis

152 385 196 425 in
214 383 422 436 hospitali
442 383 574 425 domo
594 382 739 424 beatae
758 383 910 424 Mariae
929 382 984 424 de

153 440 280 482 Scala
307 439 404 481 Deo
433 439 692 488 inserviunt,
723 437 841 480 unde
869 451 983 480 com-

151 496 302 549 plures
315 495 549 537 sanctitate
560 494 756 536 celebres
766 495 848 536 viri
861 493 985 548 prod-

152 552 305 594 ierunt.
350 551 418 593 Ibi
454 548 655 604 cerporis
687 550 983 600 afflictatiene,

153 613 197 649 et
226 608 534 659 aegrotantium
563 619 684 657 cura,
717 605 822 648 dum
855 611 983 648 atrox

151 664 401 716 pestilentia
419 665 709 714 grassaretur,
736 662 983 704 incredibili

154 721 336 762 caritate
360 732 457 761 sese
483 719 688 760 exercuit.
724 719 845 760 Inter
869 721 983 761 cete-

152 789 222 818 ras
272 781 418 818 autem
458 776 661 825 virtutes,
716 775 983 826 castitatem,

152 833 328 884 egregia
346 832 486 873 forma
500 833 785 884 repugnante,
805 834 983 873 sanctis-

152 889 260 930 sime
285 887 538 938 custodivit,
572 887 685 929 adeo
713 892 761 929 ut
790 900 843 929 eo
870 901 981 940 prae-

152 946 275 986 sente
293 957 423 987 nemo
442 957 660 996 umquam,
681 956 736 985 ne
755 943 983 996 impuden-

150 1001 345 1042 tissimus
383 999 575 1053 quidem,
620 999 804 1042 verbum
840 1001 983 1042 minus

150 1056 385 1098 honestum
402 1056 600 1109 proferre
619 1056 812 1098 auderet.

203 1117 253 1168 R.
285 1114 533 1155 Honestum
558 1113 660 1154 fecit
684 1113 807 1154 illum
833 1114 981 1154 Demi-

150 1182 248 1219 nus,
269 1174 312 1211 et
332 1169 571 1211 custodivit
590 1182 690 1211 eum
710 1169 764 1210 ab
783 1170 980 1220 inimicis,

151 1230 196 1267 et
220 1238 246 1266 a
275 1225 582 1267 seducteribus
607 1226 769 1267 tutavit
793 1225 929 1267 illum:
957 1230 979 1252 *

149 1281 207 1324 Et
239 1281 362 1323 dedit
391 1282 454 1322 illi
487 1282 732 1324 claritatem
763 1284 982 1324 aeternam.

149 1333 198 1384 W.
231 1338 404 1380 Justum
437 1337 620 1380 deduxit
651 1339 867 1380 Deminus
902 1352 982 1392 per

150 1394 243 1435 vias
262 1400 417 1444 rectas,
441 1400 485 1436 et
504 1395 698 1437 ostendit
719 1395 781 1435 illi
800 1407 982 1447 regnum

149 1450 244 1492 Dei.
270 1451 328 1493 Et
347 1450 479 1493 dedit.

459 1508 610 1549 Lectio
638 1522 674 1547 V.

150 1559 322 1667 Gravi
339 1563 497 1605 morbo
516 1565 729 1614 tentatus,
756 1567 899 1617 eeque
924 1565 982 1607 ad

250 1621 439 1671 quatuor
466 1632 640 1661 menses
663 1621 981 1673 patientissime

148 1674 355 1726 tolerato,
376 1675 552 1717 demum
570 1677 812 1727 incelumis‚
836 1676 892 1719 de
916 1690 980 1719 re-

147 1731 317 1782 ligiosae
344 1731 448 1773 vitae
474 1732 676 1775 instituto
706 1734 980 1786 capessendo

149 1787 394 1829 deliberare
414 1789 565 1841 coepit3
586 1802 674 1841 quo
694 1795 743 1831 ut
763 1790 846 1832 sibi
864 1790 980 1832 viam

146 1846 349 1895 muniret,
375 1844 606 1887 aediculam
630 1847 673 1887 in
697 1848 893 1888 extrema
911 1861 978 1888 ur-

146 1899 204 1942 be
242 1900 468 1952 conduxit3
506 1902 550 1943 in
584 1915 716 1954 quam
749 1915 848 1944 cum
882 1917 979 1945 sese

148 1956 408 2007 abdidisset,
445 1959 732 2011 asperrimam
769 1960 888 2000 omni
925 1973 980 2001 ex

147 2017 273 2064 parte
298 2013 434 2054 vitam
458 2013 678 2064 trahebat,
706 2015 850 2057 Deum
875 2019 978 2057 assi-

149 2067 235 2109 due
250 2081 391 2118 oranS,
409 2075 468 2119 ut,
483 2070 591 2122 quid
605 2069 689 2112 sibi
706 2072 979 2123 sequendum

149 2129 282 2174 esset,
311 2125 579 2177 ostenderet3
608 2140 744 2179 quare
769 2127 978 2170 divinitus

146 2180 311 2222 factum
338 2186 422 2233 est,
449 2187 498 2224 ut
522 2182 642 2225 beati
660 2183 885 2225 Francisci
911 2187 977 2225 er-

148 2235 294 2278 dinem
311 2250 405 2289 prae
424 2239 581 2280 ceteris
604 2241 795 2291 optaret,
820 2240 865 2280 in
890 2253 977 2292 quo

145 2291 406 2343 humilitate,
437 2294 663 2347 patientia,
695 2295 880 2348 aliisque
913 2309 977 2338 re-

146 2349 290 2400 ligiesi
308 2349 496 2391 heminis
509 2351 745 2393 virtutibus
760 2352 976 2394 excelluit.

146 2405 199 2446 Id
218 2418 318 2446 cum
336 2405 528 2447 coenebii
543 2411 691 2448 rector
705 2407 976 2450 animadver-

145 2465 269 2511 teret,
289 2463 461 2514 jamque
482 2465 611 2504 antea
624 2463 884 2505 Bernardini
900 2464 974 2506 do-

147 2520 344 2568 ctrinam,
378 2523 421 2560 et
453 2521 679 2560 sacrarum
709 2520 976 2562 Litterarum

145 2575 348 2627 peritiam
361 2577 642 2627 perspectam
655 2575 847 2626 haberet,
863 2589 974 2629 prae-

146 2629 322 2672 dicandi
341 2643 451 2672 onus
471 2630 615 2672 eidem
638 2631 861 2684 impesuit:
885 2645 973 2685 quo

144 2685 384 2728 humillime
404 2689 623 2739 suscepto,
647 2699 748 2728 cum
765 2700 813 2729 se
831 2688 973 2731 minus

1036 268 1245 310 ideneum
1265 269 1523 318 agnesceret
1540 268 1597 310 ob
1613 268 1736 310 vocis
1753 268 1870 309 exili-

1037 327 1176 366 tatem
1198 337 1250 365 ac
1269 324 1545 374 raucitatem,
1573 325 1658 366 Dei
1683 337 1768 377 ope
1793 324 1869 365 im-

1037 381 1228 434 plorata,
1268 392 1358 420 non
1391 380 1484 421 sine
1515 381 1728 422 miraculo
1761 382 1870 432 ejus-

1036 435 1159 478 modi
1177 435 1494 489 impedimento
1516 436 1728 478 liberatus
1748 442 1825 478 est.

1090 497 1140 548 R.
1183 492 1362 533 Amavit
1408 504 1508 533 eum
1548 493 1781 543 Deminus,
1827 498 1872 534 et

1038 549 1210 590 ornavit
1230 562 1345 590 eum:
1369 548 1529 590 stolam
1553 549 1706 600 gloriae
1729 549 1871 591 induit

1038 619 1153 656 eum,
1182 609 1205 632 *
1233 605 1292 646 Et
1319 605 1376 647 ad
1403 609 1557 681 portas
1585 606 1779 658 paradisi
1800 619 1870 648 co·

1037 662 1211 704 ronavit
1239 675 1350 703 eum.
1391 664 1440 710 Y.
1474 662 1622 703 Induit
1653 675 1753 704 eum
1780 663 1869 704 De-

1036 720 1179 760 minus
1223 718 1407 759 lorieam
1447 717 1566 767 fidei,
1613 723 1657 759 et
1698 719 1870 760 ornavit

1037 788 1148 816 eum.
1185 776 1242 816 Et
1261 774 1317 816 ad
1335 778 1501 827 portas.

1340 833 1493 873 Lectio
1516 835 1567 873 vi.

1038 884 1276 991 Cumque
1300 900 1352 928 ea
1374 889 1578 939 tempora
1596 887 1711 928 vitiis
1733 887 1871 928 erimi-

1126 943 1344 996 nibusque
1363 943 1680 993 redundarent,
1707 948 1751 984 et
1777 957 1869 984 cru-

1037 1001 1149 1042 entis
1177 1000 1441 1042 factienibus
1471 1000 1515 1040 in
1542 1000 1687 1049 Italia,
1724 999 1870 1041 divina

1034 1056 1315 1108 humanaque
1361 1057 1506 1098 emnia
1551 1058 1769 1108 permixta
1806 1069 1870 1097 es-

1036 1118 1148 1163 sent,
1171 1112 1470 1154 Bernardinus
1488 1112 1621 1154 urbes
1642 1118 1774 1164 atque
1795 1115 1870 1164 ep-

1035 1170 1141 1222 pida
1168 1173 1452 1220 concursans‚
1479 1170 1523 1210 in
1552 1169 1728 1210 nemine
1753 1169 1870 1218 Jesu,

1036 1239 1167 1278 quem
1191 1239 1366 1278 semper
1389 1227 1433 1266 in
1460 1239 1536 1268 ore
1562 1231 1605 1267 et
1624 1226 1668 1266 in
1686 1227 1869 1278 pectore

1034 1283 1233 1333 gerebat,
1262 1282 1505 1334 collapsam
1524 1283 1753 1334 pietatem,
1780 1294 1869 1322 mo-

1034 1340 1193 1391 resque
1225 1338 1362 1380 verbo
1397 1344 1440 1380 et
1473 1339 1677 1391 exemplo
1710 1351 1870 1389 magna

1035 1408 1089 1436 ex
1111 1401 1238 1448 parte
1262 1395 1466 1437 restituit:
1492 1408 1579 1447 quo
1603 1395 1767 1436 factum
1792 1399 1869 1444 est,

1033 1457 1081 1493 ut
1127 1451 1356 1505 praeclarae
1401 1452 1601 1493 civitates
1643 1464 1743 1493 eum
1786 1451 1869 1492 sibi

1034 1511 1294 1561 episcopum
1313 1521 1338 1549 a
1357 1508 1536 1549 Summo
1557 1508 1772 1549 Pontifice
1791 1521 1867 1560 po-

1034 1565 1261 1606 stularent:
1287 1564 1408 1616 quod
1431 1564 1505 1606 ille
1529 1577 1687 1605 munus
1706 1564 1869 1606 invicta

1032 1620 1279 1662 humilitate
1317 1621 1670 1662 constantissime
1707 1621 1868 1671 rejecit.

1033 1678 1236 1729 Denique
1263 1678 1329 1718 vir
1353 1677 1437 1718 Dei
1462 1677 1685 1717 immensis
1710 1676 1867 1718 laberi-

1032 1733 1115 1775 bus
1144 1733 1400 1782 exhaustus,
1432 1733 1580 1775 multis
1608 1735 1867 1785 magnisque

1033 1790 1162 1831 editis
1195 1790 1432 1839 miraculis,
1474 1789 1596 1831 libris
1631 1790 1761 1831 etiam
1794 1789 1865 1841 pie

1033 1845 1254 1898 docteque
1274 1846 1548 1898 conscriptis,
1568 1858 1668 1886 eum
1684 1846 1868 1887 vixisset

1032 1915 1170 1944 annos
1202 1915 1280 1944 sex
1312 1915 1364 1943 ac
1397 1904 1640 1953 sexaginta,
1682 1902 1726 1942 in
1758 1902 1867 1943 urbe

1031 1958 1195 2010 Aquila
1218 1958 1261 1999 in
1285 1958 1481 2000 Vestinis
1506 1957 1639 1999 beato
1663 1958 1750 1999 fine
1775 1958 1864 2010 qui-

1032 2015 1131 2056 evit.
1161 2015 1301 2064 Quem
1320 2015 1446 2056 novis
1462 2014 1506 2054 in
1521 2013 1616 2055 dies
1632 2017 1864 2055 coruscan-

1031 2075 1121 2111 tem
1132 2071 1277 2122 signis,
1298 2083 1412 2112 anno
1427 2075 1532 2122 post
1545 2070 1715 2112 ebitum
1726 2075 1864 2119 sexto,

1030 2126 1242 2168 Nicolaus
1283 2127 1458 2179 quintus
1490 2126 1696 2168 Pentifex
1728 2127 1862 2168 Maxi-

1029 2196 1127 2224 mus
1161 2184 1206 2223 in
1242 2185 1496 2225 sancterum
1531 2185 1763 2224 numerum
1800 2185 1863 2223 re-

1030 2239 1139 2281 tulit.

1085 2295 1135 2347 R.
1159 2296 1249 2337 Iste
1269 2295 1413 2337 homo.
1433 2295 1514 2347 [72]

1086 2355 1127 2388 In
1152 2354 1216 2388 111.
1240 2353 1440 2387 Nocturno
1466 2353 1637 2387 Homilia
1662 2353 1701 2386 in
1718 2354 1863 2397 Evang.

1032 2404 1129 2438 Ecce
1141 2413 1225 2438 nos.
1247 2401 1294 2435 de
1309 2401 1454 2436 Comm.
1471 2401 1611 2435 Abbat.
1628 2402 1654 2435 1.
1669 2402 1766 2436 loco.
1780 2404 1859 2447 [80]

1294 2483 1377 2530 Die
1396 2488 1463 2529 25.
1482 2489 1594 2541 Maji.
1622 2474 1631 2482 '

1055 2552 1098 2593 S.
1117 2552 1348 2617 Gregorii
1366 2552 1632 2626 VILJJapae
1653 2557 1695 2592 et
1716 2552 1834 2592 Conf.

1085 2653 1223 2688 Omnia
1259 2655 1305 2689 de
1336 2606 1619 2689 Cgssffitzxdonfi
1650 2653 1757 2687 Pont.
1785 2653 1856 2696 [49]

1032 2706 1173 2744 praeter
1196 2713 1301 2745 sequ.
