2040 2976
573 236 644 270 Die
665 237 695 270 4.
716 237 821 271 Julii.
869 237 903 271 S.
928 237 1066 271 Irenaei
1090 238 1218 281 Episc.
1245 244 1281 273 et
1300 239 1407 274 Mart.

139 334 292 376 salutis
317 333 620 376 ducentesimo
645 333 856 384 secundo,
882 346 970 386 quo

108 410 111 412 v
138 393 339 444 tempore
359 390 596 443 Septimius
616 391 804 432 Severus
823 391 971 442 Augu-

139 453 234 490 stus
259 460 337 490 eos
357 459 524 497 omnes,
549 447 625 499 qui
649 449 904 490 constanter
926 447 972 488 in

141 503 327 547 colenda
359 504 599 546 christiana
630 504 842 555 religione
873 517 968 556 per-

139 563 256 603 stare
279 561 538 610 voluissent,
564 560 609 600 in
634 573 853 602 summum
876 573 969 602 cru-

139 618 301 664 ciatum
329 617 425 660 dari
452 622 586 670 atque
618 617 804 659 interfici
834 617 969 670 impe—

137 676 324 716 raverat.

190 733 243 785 R.
258 730 382 773 Stola
397 729 691 783 jucunditatis.
711 730 791 782 [27]

354 812 403 850 In
431 811 503 850 ΙΙΙ.
531 811 756 851 Nocturno.

141 870 292 913 Lectio
319 870 460 912 sancti
479 869 707 920 Evangelii
729 868 969 911 secundum

439 927 666 968 Joannem.

217 989 371 1031 Lectio
391 989 459 1030 vii.
661 989 763 1042 Cap.
779 991 843 1030 10.
860 1003 893 1031 c.

136 1045 214 1152 In
235 1049 312 1092 illo
337 1050 554 1102 tempore:
578 1047 701 1090 Dixit
719 1048 743 1089 J
747 1061 848 1089 esus
864 1047 967 1100 pha-

201 1106 359 1148 risaeis:
385 1106 481 1158 Ego
510 1118 607 1146 sum
631 1105 790 1146 Pastor
814 1104 969 1146 bonus.

137 1163 290 1205 Bonus
325 1167 480 1216 pastor
517 1161 707 1203 animam
737 1174 862 1203 suam
894 1161 970 1203 dat

137 1232 219 1273 pro
248 1219 406 1262 ovibus
433 1219 534 1261 suis.
569 1219 627 1260 Et
647 1218 826 1271 reliqua.

244 1292 435 1334 Homilia
465 1292 606 1334 sancti
632 1292 868 1343 Augustini

441 1349 667 1403 Episcopi.

271 1409 389 1445 Serm.
415 1410 491 1445 138.
517 1410 564 1445 de
584 1410 699 1445 Verb.
725 1410 835 1445 Dom.

152 1473 277 1513 c÷;f¹'·*{‡;
295 1462 515 1504 udivimus
549 1463 789 1505 Dominum
820 1463 971 1504 Jesum

151 1515 163 1548 ν’·
187 1520 243 1579 js„
313 1519 695 1562 commendantem
718 1519 848 1561 nobis
867 1520 972 1561 boni

221 1579 253 1587 ’·
310 1577 506 1630 pastoris
544 1576 748 1618 officium.
797 1577 847 1617 In
885 1589 971 1628 qua

138 1633 521 1676 commendatione
539 1632 768 1676 admonuit
786 1645 867 1675 nos
888 1634 969 1675 uti-

139 1703 239 1743 que,
263 1696 312 1732 ut
334 1690 518 1742 intelligi
539 1690 683 1742 datur,
706 1691 848 1732 bonos
873 1703 970 1732 esse

137 1749 358 1800 pastores3
387 1752 431 1790 et
455 1752 604 1790 tamen
627 1761 683 1790 ne
710 1747 970 1799 intelligere-

137 1809 209 1846 tur
233 1805 446 1858 perverso
470 1804 606 1847 modo
634 1804 872 1846 multitudo
898 1817 971 1857 pa-

139 1863 324 1903 storum:
354 1861 450 1913 Ego
478 1874 591 1911 sum,
622 1861 780 1914 inquit,
813 1862 972 1902 Pastor

139 1916 300 1959 bonus:
333 1922 376 1960 et
409 1917 527 1960 unde
555 1918 612 1960 sit
637 1923 790 1971 pastor
818 1917 971 1967 bonus,

141 1975 463 2026 consequenter
486 1973 695 2017 ostendit:
718 1975 888 2024 Pastor,
911 1974 971 2015 in-

142 2030 253 2082 quit,
288 2030 431 2072 bonus
469 2032 658 2074 animam
689 2045 814 2073 suam
845 2032 972 2084 ponit

140 2100 223 2139 pro
263 2086 431 2129 ovibus.
485 2088 645 2131 Pastor
686 2101 791 2139 ergo
827 2088 971 2130 bonus
1024 2132 1037 2139 ἡ

141 2143 352 2185 Christus.
385 2143 501 2195 Quid
519 2143 701 2187 Petrus?
728 2157 871 2186 nonne
894 2144 971 2186 bo-

139 2213 221 2241 nus
239 2199 416 2253 pastor?
440 2214 586 2244 nonne
604 2207 648 2244 et
666 2202 762 2254 ipse
783 2201 972 2242 animam

140 2269 265 2298 suam
306 2270 390 2311 pro
432 2258 588 2300 ovibus
628 2256 804 2311 posuit?
857 2256 971 2307 Quid

139 2313 329 2355 Paulus?
391 2314 507 2365 Quid
557 2315 692 2357 ceteri
736 2311 971 2366 Apostoli?

141 2369 257 2420 Quid
289 2372 442 2412 eorum
469 2373 672 2424 tempora
703 2371 971 2422 consequen-

140 2430 208 2467 tes
221 2425 342 2468 beati
361 2428 562 2481 episcopi
575 2424 816 2479 Martyres?
844 2426 972 2467 Nofie

141 2494 294 2524 omnes
313 2485 518 2535 pastores
537 2482 667 2526 boni?

190 2545 242 2597 Ru.
283 2547 459 2590 Corona
500 2552 635 2590 aurea
671 2560 803 2600 super
840 2552 973 2599 caput

142 2604 249 2656 ejus,
268 2602 291 2627 *
321 2605 544 2657 Expressa
565 2606 690 2656 signo
716 2604 972 2653 sanctitatis,

170 2659 281 2702 loria
297 2660 479 2703 honoris
499 2666 543 2703 et
562 2674 676 2714 opus
695 2659 972 2702 fortitudinis.

138 2673 189 2761 {⁷-
210 2717 427 2767 QuOniam
446 2717 701 2771 praevenisti
721 2729 821 2758 eum
837 2717 881 2757 in
900 2716 971 2757 be-

142 2772 466 2816 nedictionibus
494 2772 756 2823 dulcedinis,
785 2772 974 2825 posuisti

1760 241 1853 285 [319]

1023 335 1067 375 in
1092 336 1237 388 capite
1262 337 1354 389 ejus
1380 340 1591 379 coronam
1623 338 1678 380 de
1705 338 1854 391 lapide

1023 392 1232 444 pretioso.
1259 394 1493 446 Expressa.

1311 452 1466 493 Lectio
1487 453 1572 492 viii.

1108 518 1231 547 mnes
1262 519 1366 557 ergo
1398 508 1471 549 isti
1502 511 1705 561 pastores
1738 508 1854 560 boni,

1153 575 1242 604 non
1282 563 1425 605 solum
1462 566 1563 617 quia
1598 567 1854 617 sanguinem

1023 618 1245 668 fuderunt,
1273 619 1351 662 sed
1377 621 1478 673 quia
1502 635 1585 674 pro
1611 622 1768 664 ovibus
1791 623 1853 664 fu-

1025 675 1194 718 derunt.
1226 677 1329 718 Non
1347 678 1462 719 enim
1481 679 1687 721 fuderunt
1706 680 1854 722 elatio-

1023 745 1089 782 ne,
1114 732 1194 774 sed
1217 734 1410 776 caritate.
1447 735 1681 785 Quomodo
1708 742 1854 778 autem

1024 789 1158 831 habet
1181 790 1252 831 vel
1277 793 1479 842 exiguam
1507 793 1751 843 caritatem,
1781 794 1855 846 qui

1024 846 1155 887 etiam
1188 849 1417 888 convictus
1448 861 1537 890 non
1568 855 1685 890 amat
1716 850 1853 892 unita-

1022 901 1135 944 tem?
1151 904 1279 945 Hanc
1289 904 1506 946 Dominus
1518 906 1732 947 unitatem
1746 919 1855 948 com·

1023 960 1236 1002 mendans
1262 961 1516 1013 pastoribus
1544 961 1688 1012 bonis,
1716 963 1856 1006 noluit

1022 1017 1186 1059 multos
1206 1018 1432 1070 appellare
1453 1021 1666 1071 pastores.
1698 1020 1854 1072 Neque

1024 1075 1152 1124 enim,
1176 1079 1225 1116 ut
1248 1074 1339 1116 dixi
1357 1075 1457 1127 jam,
1481 1088 1569 1116 non
1589 1081 1683 1118 erat
1701 1082 1855 1129 pastor

1022 1130 1166 1172 bonus
1181 1132 1350 1180 Petrus,
1370 1132 1542 1181 Paulus,
1563 1133 1769 1185 Apostoli
1788 1135 1854 1175 ce-

1024 1187 1118 1238 teri,
1139 1193 1182 1230 et
1196 1188 1469 1240 posteriores
1487 1190 1626 1230 sancti
1643 1191 1854 1242 episcopi.

1025 1244 1189 1285 Omnes
1210 1245 1254 1285 hi
1275 1247 1479 1298 pastores
1498 1245 1620 1296 boni;
1644 1252 1688 1287 et
1707 1251 1854 1288 tamen

1023 1300 1096 1342 ille
1115 1302 1369 1353 pastoribus
1384 1302 1511 1343 bonis
1530 1315 1618 1344 non
1637 1315 1855 1345 commen-

1025 1356 1146 1399 davit
1173 1361 1377 1411 pastores
1405 1359 1564 1410 bonos,
1596 1359 1674 1401 sed
1707 1362 1853 1413 pasto-

1023 1427 1127 1455 rem
1144 1414 1320 1456 bonum.

1079 1471 1130 1523 Rz.
1156 1472 1241 1514 Hic
1265 1478 1332 1514 est
1351 1485 1454 1514 vere
1474 1473 1654 1525 Martyr,
1681 1473 1754 1525 qui
1771 1485 1853 1525 pro

1026 1529 1187 1571 Christi
1224 1530 1401 1571 nomine
1438 1530 1696 1581 sanguinem
1728 1543 1854 1571 suum

1023 1586 1149 1628 fudit·
1173 1585 1195 1609 *
1212 1586 1296 1636 Qui
1319 1587 1459 1628 minas
1484 1586 1675 1639 judicum
1698 1599 1785 1628 non
1804 1588 1853 1629 ti-

1023 1643 1146 1692 muit,
1183 1656 1264 1685 nec
1293 1645 1481 1685 terrenae
1509 1643 1735 1694 dignitatis
1763 1642 1853 1693 glo-

1025 1699 1135 1740 riam
1155 1701 1373 1751 quaesivit,
1401 1700 1479 1742 sed
1499 1700 1555 1742 ad
1575 1700 1772 1742 coelestia
1790 1712 1853 1741 re-

1026 1769 1112 1807 gna
1138 1757 1349 1809 pervenit.
1392 1753 1442 1802 V.
1471 1757 1645 1798 Justum
1673 1755 1855 1797 deduxit

1026 1813 1241 1854 Dominus
1260 1827 1341 1866 per
1359 1814 1452 1854 vias
1472 1819 1625 1862 rectas,
1647 1818 1691 1854 et
1711 1814 1853 1854 osten-

1025 1869 1089 1912 dit
1119 1870 1182 1911 illi
1217 1883 1399 1921 regnum
1429 1871 1524 1911 Dei.
1566 1870 1659 1920 Qui.
1703 1869 1853 1911 Gloria

1023 1927 1154 1968 Patri.
1182 1927 1276 1977 Qui.

1327 1981 1479 2023 Lectio
1498 1982 1552 2022 ix.

1108 2039 1185 2080 uid
1219 2044 1285 2080 est
1317 2051 1421 2090 ergo
1451 2038 1572 2091 quod
1599 2037 1853 2092 pastoribus

1127 2095 1254 2137 bonis
1292 2094 1575 2136 commendas
1611 2107 1744 2135 unum
1779 2107 1853 2147 pa-

1025 2155 1207 2201 storem,
1239 2152 1322 2193 nisi
1353 2152 1456 2203 quia
1487 2151 1531 2192 in
1557 2163 1645 2193 uno
1674 2153 1853 2203 pastore

1024 2209 1160 2251 doces
1183 2207 1416 2250 unitatem?
1443 2208 1500 2249 Et
1523 2208 1705 2260 exponit
1731 2209 1852 2260 aper-

1022 2266 1109 2307 tius
1129 2265 1225 2318 ipse
1238 2265 1455 2305 Dominus
1473 2277 1553 2317 per
1567 2264 1853 2306 ministerium

1022 2326 1239 2371 nostrum,
1268 2333 1322 2363 ex
1345 2321 1446 2374 ipso
1472 2320 1711 2371 Evangelio
1737 2332 1852 2361 com-

1022 2380 1272 2419 memorans
1308 2377 1535 2420 caritatem
1563 2382 1772 2425 vestram,
1809 2380 1852 2417 et

1025 2434 1176 2476 dicens
1197 2434 1360 2485 (audite
1379 2433 1485 2486 quid
1500 2432 1852 2482 commendavit):

1023 2491 1119 2542 Ego
1140 2503 1238 2531 sum
1254 2490 1413 2532 Pastor
1436 2490 1589 2532 bonus.
1623 2488 1726 2530 Dixi
1751 2488 1852 2540 quia

1024 2560 1177 2589 omnes
1197 2547 1343 2597 ceteri,
1363 2559 1515 2588 omnes
1529 2548 1732 2599 pastores
1746 2545 1852 2586 boni

1022 2603 1220 2645 membra
1248 2615 1347 2645 mea
1374 2607 1486 2644 sunt.
1531 2602 1675 2644 Unum
1708 2606 1851 2653 caput,

1022 2673 1157 2700 unum
1174 2672 1348 2712 corpus,
1367 2671 1479 2700 unus
1495 2658 1704 2699 Christus.
1731 2657 1850 2708 Ergo

1024 2722 1068 2757 et
1099 2716 1256 2758 Pastor
1288 2717 1531 2768 pastorum,
1573 2718 1616 2755 et
1649 2715 1851 2766 pastores

1024 2772 1239 2822 Pastoris,
1273 2777 1316 2814 et
1341 2783 1448 2813 oves
1473 2783 1572 2812 cum
1596 2768 1850 2822 pastoribus
