2040 2976
483 173 556 207 Die
580 173 632 208 26.
656 173 772 207 Junii.
819 173 875 208 Ss.
900 173 1064 207 Joannis
1090 178 1126 207 et
1150 173 1261 207 Pauli
1288 174 1506 217 Martyrum.

146 275 247 316 crisi
287 274 606 327 pharisaeorum
646 269 888 319 attendere,
930 274 973 311 et

146 331 216 373 hic
254 344 279 372 a
321 329 573 371 carnificum
609 326 732 369 caede
768 326 973 379 praecipit
1008 359 1016 367 .

144 400 231 429 non
272 387 443 429 timere:
485 385 586 438 quia
626 382 830 425 videlicet
870 388 973 435 post

144 449 332 486 mortem
350 456 431 484 nec
450 442 607 484 horum
627 439 872 489 crudelitas,
891 452 973 481 nec

145 500 319 541 illorum
355 499 501 540 valeat
541 496 761 539 simulatio
803 495 972 537 durare.

145 557 302 598 Nonne
331 555 523 608 quinque
552 555 756 607 passeres
785 554 974 593 veneunt

146 611 381 666 dipondio?
415 611 460 653 Si
486 609 790 658 minutissima,
822 608 973 660 inquit,

146 669 359 719 animalia,
379 673 423 710 et
443 680 540 720 quae
561 665 757 719 quolibet
772 677 852 718 per
872 667 974 706 aera

147 727 343 768 feruntur
369 723 579 773 volatilia,
617 723 738 764 Deus
773 721 973 763 oblivisci

146 794 235 824 non
255 785 421 834 potest;
447 793 527 822 vos
557 779 631 832 qui
657 777 714 820 ad
740 778 973 829 imaginem

147 838 250 880 facti
277 837 383 880 estis
413 836 651 886 Creatoris‚
686 847 774 876 non
802 834 973 876 debetis

146 894 299 936 terreri
317 893 372 936 ab
392 893 470 943 his,
490 893 564 946 qui
578 891 784 934 occidunt
799 903 974 944 corpus:

148 951 249 1003 quia
296 950 370 1003 qui
415 948 731 991 irrationabilia
772 947 974 989 animalia

146 1006 375 1058 gubernat,
403 1005 679 1047 rationabilia
708 1006 862 1046 curare
886 1017 974 1045 non

148 1062 316 1105 desinit.

203 1123 266 1163 Te
283 1119 427 1161 Deum
445 1118 686 1160 laudamus.
708 1119 767 1159 13.
823 1168 831 1173 .

409 1198 488 1239 Ad
514 1198 710 1240 Laudes

352 1267 371 1290 e
389 1262 403 1291 t
442 1267 466 1299 p
484 1267 503 1291 e
520 1268 538 1290 r
576 1257 612 1291 H
630 1267 652 1291 o
670 1268 688 1291 r
704 1268 726 1291 a
744 1268 771 1291 s,

199 1313 299 1353 Ant.
318 1314 347 1353 1.
387 1308 546 1353 Paulus
576 1314 620 1350 et
647 1309 671 1349 J
675 1310 839 1350 oannes
864 1309 887 1334 *
913 1308 974 1350 di-

146 1368 303 1408 xerunt
330 1366 521 1407 Juliano:
548 1365 643 1406 Nos
670 1378 804 1406 unum
831 1366 975 1407 Deum

147 1422 342 1472 colimus,
363 1422 437 1475 qui
450 1422 554 1464 fecit
569 1421 728 1464 coelum
743 1427 787 1464 et
800 1427 974 1464 terram.

197 1486 266 1526 Ps.
294 1484 508 1526 Deminus
532 1483 744 1535 regnavit.
767 1484 826 1523 14.

198 1547 234 1587 2.
260 1544 420 1587 Paulus
445 1550 488 1587 et
512 1545 537 1585 J
540 1546 704 1586 oannes
723 1546 747 1571 *
771 1544 975 1586 dixerunt

146 1601 431 1643 Terentiano:
463 1601 508 1643 Si
538 1606 639 1643 tuus
673 1599 875 1642 deminus
909 1606 975 1642 est

146 1657 359 1708 Julianus,
392 1657 554 1700 habeto
579 1670 735 1710 pacem
762 1670 861 1699 cum
884 1657 974 1698 illo:

145 1714 272 1755 nobis
299 1715 409 1756 alius
434 1727 521 1756 non
547 1719 630 1764 est,
657 1714 740 1755 nisi
758 1714 974 1755 Deminus

145 1771 170 1811 J
173 1783 272 1812 esus
292 1770 499 1813 Christus.

198 1833 233 1872 3.
258 1833 446 1874 Joannes
463 1837 507 1874 et
520 1831 682 1873 Paulus
698 1832 721 1858 *
737 1834 973 1883 agnoscen-

146 1892 213 1928 tes
237 1888 513 1940 tyrannidem
538 1889 563 1930 J
564 1889 712 1939 uliani,
743 1889 974 1931 facultates

146 1956 247 1985 suas
257 1945 526 1998 pauperibus
537 1947 721 1996 erogare
734 1947 974 1998 coeperunt.

198 2007 235 2046 4.
264 2005 410 2047 Sancti
435 2006 613 2059 spiritus
633 2008 656 2033 *
676 2011 719 2048 et
741 2007 897 2047 animae
916 2007 973 2057 ju-

145 2063 314 2158 lstorum
339 2061 548 2114 hymnum
573 2062 705 2104 dicite
730 2063 844 2112 Deo,
874 2062 973 2104 alle-

162 2130 242 2169 uJa.

196 2181 234 2221 5.
267 2181 454 2221 Joannes
481 2185 525 2221 et
548 2179 709 2221 Paulus
728 2181 752 2207 *
772 2180 974 2222 dixerunt

146 2235 203 2277 ad
233 2235 522 2277 Gallicanum:
561 2236 650 2277 Fac
686 2241 839 2277 votum
875 2236 972 2277 Deo

147 2292 264 2341 coeli,
297 2296 341 2333 et
374 2292 460 2333 eris
488 2292 631 2334 victor
658 2292 813 2333 melius
843 2305 973 2344 quam

147 2348 276 2390 fuisti.

198 2407 457 2459 Capitulum.
770 2407 867 2458 Sap.
883 2408 918 2445 3.

145 2463 414 2570 Justorum
450 2474 606 2515 animae
643 2474 687 2514 in
723 2486 854 2514 manu
889 2473 973 2515 Dei

233 2535 348 2579 sunt,
381 2535 424 2572 et
457 2542 545 2571 non
577 2534 728 2581 tanget
760 2529 859 2570 illos
886 2533 973 2571 tor-

146 2588 340 2628 mentum
368 2586 533 2628 mortis.
574 2587 669 2628 Visi
702 2591 802 2627 sunt
835 2585 973 2627 oculis

146 2642 442 2706 insipientium
466 2643 592 2683 mori:
618 2643 679 2683 illi
703 2647 849 2684 autem
874 2648 974 2684 sunt

147 2711 191 2739 111
209 2711 330 2751 pace.

1789 174 1855 209 363

1338 272 1547 322 Hymnus.

1158 342 1211 371 ex
1229 330 1420 381 gloriose
1439 330 1692 383 Martyrum,

1183 387 1356 428 Corona
1376 387 1684 436 confitentium,

1129 443 1213 493 Qui
1232 444 1491 495 respuentes
1511 445 1654 484 terrea

1126 499 1339 541 Perdacis
1360 498 1415 540 ad
1436 499 1643 541 coelestia.

1082 569 1240 607 Aurem
1258 564 1492 615 benignam
1511 566 1712 617 pretinus

1127 621 1312 663 Intende
1331 621 1494 662 nostris
1514 621 1712 662 vocibus:

1129 678 1352 730 Trophaea
1372 689 1496 718 sacra
1515 678 1757 729 pangimus:

1127 735 1314 786 Ignosce
1335 733 1456 786 quod
1475 733 1747 785 deliquimus.

1080 804 1147 843 Tu
1167 799 1305 840 vincis
1324 799 1436 840 inter
1455 798 1683 850 Martyres,

1131 857 1369 908 Parcisque
1390 855 1741 896 Confess6ribus:

1126 913 1195 954 Tu
1214 913 1339 954 vince
1358 916 1509 953 nostra
1529 912 1717 960 crimina,

1129 970 1333 1020 Largitor
1351 967 1644 1018 indulgentiae.

1083 1038 1174 1076 Deo
1194 1034 1315 1075 Patri
1333 1034 1388 1075 sit
1407 1033 1556 1084 gloria,

1129 1090 1325 1142 Ejasque
1345 1089 1427 1131 soli
1445 1089 1568 1139 Filio,

1131 1147 1242 1188 Cum
1260 1146 1425 1199 Spiritu
1444 1146 1675 1195 Paraclito,

1130 1204 1269 1253 Nunc,
1289 1207 1334 1244 et
1351 1215 1432 1255 per
1452 1215 1580 1244 omne
1601 1201 1822 1243 saeculum.

1337 1260 1490 1301 Amen.

1082 1314 1129 1366 V.
1157 1315 1452 1358 Exsultabunt
1476 1314 1615 1356 sancti
1638 1314 1682 1354 in
1707 1314 1856 1365 gloria.

1027 1377 1077 1427 Rg.
1095 1372 1385 1415 Laetabantur
1404 1372 1448 1412 in
1469 1370 1685 1413 cubilibus
1706 1370 1805 1411 suis.
1903 1415 1905 1418 .

1082 1435 1152 1476 Ad
1173 1435 1334 1476 Bened.
1362 1435 1460 1476 Ant.
1490 1433 1566 1475 Isti
1587 1437 1687 1474 sunt
1707 1431 1855 1481 sancti,
1901 1431 1907 1443 “

1028 1493 1102 1545 qui
1119 1505 1203 1545 pro
1220 1491 1381 1533 Christi
1401 1492 1549 1532 amore
1566 1490 1705 1530 minas
1720 1489 1855 1529 hemi-

1027 1553 1131 1591 nuin
1150 1549 1523 1601 contempserunt:
1543 1546 1682 1588 sancti
1696 1546 1855 1597 Marty-

1027 1620 1097 1648 res
1136 1607 1180 1647 in
1217 1618 1352 1657 regno
1386 1604 1600 1646 coelorum
1634 1602 1857 1644 exsultant

1028 1676 1127 1705 cum
1146 1662 1342 1712 Angelis:
1370 1674 1396 1702 o
1422 1673 1552 1713 quam
1576 1660 1772 1713 pretiosa
1792 1664 1858 1700 est

1027 1733 1147 1762 mors
1168 1720 1435 1768 sanctorum,
1461 1717 1534 1769 qui
1559 1716 1733 1758 assidue
1754 1717 1856 1756 assi-

1027 1781 1148 1818 stunt
1176 1780 1277 1817 ante
1303 1775 1555 1815 Dominum:
1589 1778 1632 1814 et
1666 1772 1721 1813 ab
1752 1771 1855 1812 invi-

1027 1845 1122 1874 cem
1142 1845 1230 1873 non
1250 1835 1350 1872 sunt
1370 1830 1571 1883 separati.

1363 1891 1525 1931 Oratio.

1028 1936 1334 2059 Quaesumus
1354 1953 1631 2003 omnipotens
1650 1950 1788 1991 Deus:
1808 1954 1856 1990 ut

1122 2022 1204 2051 nos
1222 2009 1442 2060 geminata
1460 2007 1613 2048 laetitia
1630 2005 1855 2047 hodiernae

1026 2065 1276 2109 festivitatis
1304 2064 1510 2117 excipiat,
1545 2076 1644 2115 quae
1674 2061 1728 2104 de
1755 2062 1854 2103 bea-

1026 2125 1172 2166 torum
1199 2122 1222 2162 J
1226 2121 1378 2162 oannis
1412 2126 1455 2162 et
1486 2119 1611 2161 Pauli
1642 2119 1854 2170 glorifica-

1026 2180 1147 2221 ti6ne
1173 2176 1392 2231 procedit;
1422 2189 1532 2229 quos
1562 2175 1717 2218 eadem
1745 2175 1855 2217 fides

1027 2241 1070 2278 et
1090 2235 1239 2288 passio
1259 2247 1363 2276 vere
1379 2234 1482 2275 fecit
1498 2246 1595 2275 esse
1610 2234 1854 2284 germanos.

1026 2293 1109 2334 Per
1128 2291 1376 2333 Dominum.

1076 2355 1226 2391 Deinde
1251 2357 1292 2391 fit
1312 2366 1507 2390 commem.
1526 2355 1604 2389 Oct.
1623 2355 1657 2389 S.
1675 2355 1848 2389 «loannis.

1078 2412 1176 2452 Ant.
1210 2413 1423 2465 Apertum
1448 2416 1516 2453 est
1544 2423 1594 2452 os
1618 2409 1853 2457 Zachariae,

1027 2475 1071 2512 et
1089 2469 1383 2522 prophetavit,
1402 2468 1567 2509 dicens:
1587 2466 1852 2509 Benedictus

1028 2527 1150 2568 Deus
1169 2525 1318 2567 Israel.

1076 2579 1126 2632 V.
1154 2588 1243 2628 Iste
1266 2599 1376 2639 puer
1394 2598 1577 2636 magnus
1597 2597 1745 2626 coram
1764 2583 1850 2623 De—

1026 2643 1157 2684 mino.
1190 2641 1240 2693 Rr-
1264 2643 1378 2684 Nam
1402 2647 1446 2684 et
1468 2654 1622 2682 manus
1643 2641 1732 2691 ejus
1754 2652 1851 2680 cum

1027 2699 1126 2751 ipso
1147 2704 1223 2741 est.
