2040 2976
748 218 854 251 Furia
883 218 1012 260 quinta
1039 217 1087 250 ad
1114 216 1349 250 Matutinum.

259 318 455 362 Tenuisti
486 330 662 358 manum
691 315 915 357 dexteram
942 326 1028 355 me-

207 390 294 419 am:
319 381 362 418 et
383 375 426 416 in
452 373 678 414 voluntate
703 377 778 413 tua
807 369 1027 412 deduxisti

205 447 285 483 me,
311 435 333 459 *
358 437 401 473 et
420 444 518 472 cum
538 429 676 481 gloria
696 427 927 480 suscepisti
947 439 1027 467 me.

257 488 371 540 Quid
400 487 515 529 enim
542 485 647 526 mihi
673 489 739 526 est
765 484 809 524 in
836 482 975 524 coelo?
1003 483 1026 507 *

205 551 247 588 et
275 559 299 586 a
326 550 371 586 te
400 543 506 597 quid
534 541 653 583 volui
682 553 813 593 super
839 538 1025 581 terram?

255 601 427 643 Defecit
442 612 545 641 caro
560 611 668 663 mea,
683 602 725 638 et
740 609 816 638 cor
830 608 990 637 meum:
983 596 1025 620 ·*

202 658 322 699 Deus
338 657 484 699 cordis
501 655 597 704 mei,
616 659 658 695 et
672 666 775 706 pars
791 665 889 694 mea
905 652 1025 692 Deus

203 715 245 755 in
274 716 495 756 aeternum.

254 771 365 821 Quia
390 782 503 819 ecce,
528 767 602 820 qui
630 767 834 817 elengant
858 778 905 806 se
924 778 949 806 a
969 770 1024 814 te,

202 827 420 880 peribunt:
447 827 470 851 *
498 823 729 878 perdidisti
759 835 921 871 omnes,
951 821 1024 873 qui

203 884 469 925 fornicantur
496 881 575 922 abs
602 886 656 922 te.

254 940 360 980 Mihi
395 943 540 980 autem
571 936 796 978 adhaerere
823 935 920 976 Deo
948 934 1023 975 bo-

202 1010 306 1038 num
327 1001 406 1037 est:
426 996 448 1021 *
470 996 634 1048 ponere
653 993 703 1033 in'
718 992 907 1033 Domino
926 991 1022 1032 Deo

202 1066 326 1106 spem
353 1065 510 1094 meam.

253 1109 312 1151 Ut
348 1108 597 1149 annuntiem
631 1119 781 1148 omnes
812 1105 1022 1159 praedica—

201 1166 343 1208 tiones
366 1170 474 1213 tuas,
494 1163 549 1190 *
538 1177 581 1203 in
609 1163 749 1215 portis
778 1162 880 1203 fssiae
907 1162 1022 1203 Sion.

471 1223 664 1262 psalmus
692 1223 752 1262 73.
915 1263 919 1269 ,

292 1284 310 1320 t
326 1278 430 1330 quid
440 1278 559 1319 Deus
574 1275 770 1329 repulisti
785 1275 828 1315 in
843 1275 987 1316 finem:
999 1277 1022 1302 *

328 1336 463 1375 iratus
498 1339 564 1375 est
601 1333 720 1374 furor
754 1337 855 1373 tuus
890 1344 1021 1384 super

202 1405 306 1434 oves
334 1393 509 1443 pascuae
536 1389 646 1431 tuae?

251 1449 419 1489 Memor
438 1452 532 1488 esto
553 1444 903 1497 congregationis
921 1450 1020 1495 tuae,

200 1506 222 1530 *
251 1517 381 1556 quam
408 1502 644 1556 possedisti
672 1501 726 1542 ab
754 1500 893 1542 initio.'

251 1560 493 1602 Redemisti
537 1559 704 1610 virgam
750 1557 1020 1599 haereditatis

200 1622 302 1658 tuae:
329 1618 351 1642 *
377 1629 502 1657 mons
525 1615 638 1664 Sion,
667 1615 710 1655 in
739 1626 826 1666 quo
855 1613 1020 1656 habita-

201 1674 257 1715 sti
284 1674 327 1713 in
352 1685 416 1714 eo.

252 1729 370 1771 Leva
403 1742 555 1770 manus
586 1734 684 1770 tuas
718 1728 761 1768 in
793 1727 1020 1782 superbias

202 1788 353 1828 eorum
389 1786 432 1826 in
467 1785 614 1826 finem:
650 1786 672 1809 *
707 1791 869 1836 quanta
902 1785 1020 1826 mali-

201 1844 358 1893 gnatus
388 1846 453 1883 est
479 1842 677 1882 inimicus
704 1841 748 1881 in
776 1842 943 1884 sancto!

252 1899 308 1940 Et
326 1898 498 1949 gloriati
516 1902 615 1939 sunt
633 1898 707 1949 qui
727 1897 911 1940 oderunt
925 1903 982 1940 te:
997 1900 1020 1926 *

202 1955 244 1996 in
271 1954 417 1996 medio
446 1954 733 1996 solemnitatis
759 1959 858 1996 tuae.

251 2011 497 2053 Posuerunt
522 2011 644 2062 signa
664 2023 752 2060 sua,
775 2011 912 2063 signa:
933 2013 956 2038 *
978 2017 1020 2054 et

200 2080 288 2108 non
329 2069 626 2119 cognoverunt
667 2068 779 2109 sicut
818 2068 862 2108 in
903 2069 1020 2110 exitu

201 2136 332 2176 super
360 2137 584 2165 summurn.

252 2181 386 2231 Quasi
414 2181 457 2221 in
486 2180 594 2222 silva
620 2180 837 2232 lignorum
862 2181 1019 2222 securi-

200 2237 282 2279 bus
312 2237 567 2279 exciderunt
594 2237 741 2289 januas
767 2238 857 2289 ejus
875 2238 931 2278 ‘in
958 2237 1019 2279 id-

199 2295 357 2346 ipsum:
389 2294 412 2319 *
447 2294 491 2334 in
519 2293 660 2334 securi
692 2299 736 2335 et
763 2294 882 2335 ascia
909 2294 1020 2346 deje-

199 2351 352 2391 cerunt
379 2363 486 2391 eam.

251 2406 543 2448 Incenderunt
586 2407 674 2458 igni
727 2407 1020 2448 sanctuarium

197 2467 335 2504 tuum:
358 2463 381 2487 *
405 2463 447 2503 in
470 2467 587 2504 terra
612 2463 862 2515 polluerunt
879 2463 1019 2505 taber-

198 2518 401 2560 naculum
428 2519 615 2560 nominis
642 2520 715 2560 tui.

248 2575 464 2616 Dixerunt
488 2575 531 2616 in
557 2575 690 2617 corde
715 2589 795 2617 suo
815 2577 1019 2628 cognatio

198 2634 349 2673 earum
365 2631 506 2672 simul:
523 2632 545 2656 *
558 2632 792 2681 Quiescere
810 2634 1019 2674 faciamus

199 2701 350 2730 omnes
378 2687 472 2730 dies
501 2688 637 2729 festos
664 2689 746 2730 Dei
772 2702 797 2730 a
823 2695 950 2731 terra.

248 2744 380 2796 Signa
407 2750 557 2786 nostra
583 2757 670 2786 non
702 2745 903 2796 vidimus,
936 2747 1020 2798 jam

1079 325 1167 354 non
1200 317 1267 354 est
1298 310 1532 364 propheta:
1564 310 1588 335 *
1624 315 1668 352 et
1702 316 1785 352 nos
1821 323 1908 352 non

1081 371 1318 419 cognoscet
1346 366 1545 420 amplius.

1129 425 1371 476 Usquequo
1420 424 1542 464 Deus
1587 422 1909 476 improperabit

1078 482 1292 522 inimicus:
1316 481 1501 520 *irritat
1528 479 1808 521 adversarius
1832 492 1907 522 no-

1078 551 1177 579 men
1203 543 1327 579 tuum
1352 537 1395 577 in
1423 535 1576 577 finem?

1130 594 1188 636 Ut
1227 593 1333 647 quid
1370 593 1532 634 avertis
1566 605 1743 633 manum
1775 597 1907 643 tuam,

1078 655 1122 692 et
1158 650 1385 692 dexteram
1423 654 1565 699 tuam,
1605 650 1629 675 *
1667 648 1723 690 de
1758 649 1906 692 medio

1078 707 1173 748 sinu
1199 712 1275 748 tuo
1303 707 1347 747 in
1377 705 1535 747 finem?

1128 764 1248 805 Deus
1264 768 1410 805 autem
1423 763 1522 804 Rex
1544 767 1695 805 noster
1710 767 1812 804 ante
1828 764 1906 804 sae-

1077 819 1188 861 cula:
1225 821 1248 846 *
1290 822 1500 872 operatus
1533 824 1601 861 est
1638 819 1825 861 salutem
1860 819 1906 861 in

1076 876 1223 918 medio
1251 882 1394 918 terrae.

1127 934 1195 975 Tu
1233 933 1505 975 confirmasti
1544 933 1589 974 in
1630 933 1792 975 virtute
1829 937 1906 975 tua

1075 1003 1209 1032 mare:
1238 992 1261 1017 *
1289 989 1597 1032 contribulasti
1630 989 1779 1042 capita
1811 989 1906 1031 dra-

1076 1049 1235 1088 cenum
1258 1047 1303 1088 in
1331 1047 1469 1099 aquis.

1127 1104 1195 1145 Tu
1212 1103 1465 1155 confregisti
1481 1103 1629 1156 capita
1644 1102 1864 1145 draconis:
1881 1105 1906 1132 ¹⁸¹

1075 1160 1237 1202 dedisti
1266 1173 1365 1202 eum
1393 1172 1540 1202 escam
1563 1159 1743 1212 papulis
1765 1159 1907 1202 AEthi-

1074 1229 1219 1270 opum.

1126 1274 1195 1315 Tu
1231 1274 1436 1326 dirupisti
1467 1274 1627 1324 fontes,
1663 1277 1707 1315 et
1737 1275 1904 1315 torren—

1073 1335 1156 1372 tes:
1183 1332 1208 1358 *
1234 1336 1282 1373 tu
1310 1331 1487 1372 siccasti
1515 1330 1676 1372 fluvios
1702 1329 1859 1372 Ethan.

1124 1388 1247 1429 Tuus
1271 1392 1338 1430 est
1364 1387 1468 1438 dies,
1497 1391 1542 1429 et
1563 1391 1641 1428 tua
1666 1390 1734 1428 est
1753 1399 1857 1431 nox:
1879 1387 1904 1414 *

1072 1449 1120 1486 tu
1138 1443 1379 1486 fabricatus
1402 1457 1450 1486 es
1469 1446 1674 1486 auroram
1691 1448 1735 1485 et
1754 1443 1905 1485 solem.

1124 1501 1193 1542 Tu
1208 1501 1351 1543 fecisti
1366 1514 1518 1543 omnes
1533 1500 1746 1542 terminos
1758 1505 1904 1541 terrae:

1073 1560 1096 1585 *
1119 1559 1322 1599 aestatem
1349 1563 1393 1599 et
1412 1570 1489 1600 ver
1515 1562 1565 1599 tu
1582 1556 1814 1609 plasmasti
1842 1569 1904 1598 ea.

1125 1615 1295 1656 Memor
1323 1620 1419 1656 esto
1445 1614 1583 1666 hujus,
1602 1613 1804 1655 inimicus
1827 1612 1904 1654 im·

1072 1671 1330 1724 properavit
1353 1672 1562 1713 Deminoz
1589 1671 1614 1698 *
1642 1674 1686 1712 et
1712 1669 1905 1723 papulus

1073 1728 1283 1781 insipiens
1310 1728 1509 1770 incitavit
1535 1739 1697 1769 nomen
1724 1731 1859 1769 tuum.

1123 1785 1191 1827 Ne
1219 1785 1368 1827 tradas
1395 1785 1550 1826 bestiis
1577 1784 1745 1826 animas
1773 1782 1904 1840 confi-

1072 1843 1215 1883 tentes
1233 1842 1326 1892 tibi,
1350 1843 1374 1869 *
1398 1847 1442 1884 et
1468 1841 1635 1882 animas
1658 1843 1904 1894 pauperum

1074 1900 1250 1940 tuerum
1276 1911 1330 1940 ne
1356 1897 1635 1940 obliviscaris
1663 1897 1878 1952 infinem.

1124 1955 1316 2008 Respice
1333 1955 1378 1996 in
1396 1956 1710 1997 testamentum
1730 1955 1903 1995 tuumz*

1075 2012 1176 2064 quia
1212 2011 1371 2065 repleti
1408 2016 1528 2061 sunt,
1567 2010 1641 2064 qui
1677 2009 1903 2052 obscurati

1074 2073 1173 2110 sunt
1198 2073 1330 2110 terrae
1357 2068 1563 2111 demibus
1589 2067 1880 2119 iniquitatum.

1124 2126 1193 2168 Ne
1213 2127 1436 2168 avertatur
1449 2124 1626 2167 humilis
1641 2123 1783 2166 factus
1803 2136 1909 2166 con-.

1074 2182 1210 2224 fusus:
1247 2184 1270 2210 *
1305 2195 1475 2235 pauper
1508 2186 1552 2224 et
1588 2181 1717 2233 inops
1753 2179 1902 2222 lauda-

1072 2238 1181 2280 bunt
1207 2252 1368 2281 nomen
1395 2245 1530 2280 tuum.

1125 2296 1322 2347 Exsurge
1362 2296 1504 2345 DeuS‚
1545 2293 1688 2347 judica
1724 2306 1903 2336 causam

1074 2356 1209 2393 tuam:
1234 2354 1258 2380 *
1285 2364 1455 2394 memor
1488 2355 1586 2393 esto
1614 2350 1902 2404 improperio-

1074 2421 1169 2450 rum
1195 2411 1383 2458 tuerum‚
1411 2410 1564 2450 eorum
1592 2421 1692 2460 quae
1720 2407 1776 2449 ab
1802 2406 1902 2448 insi-

1073 2465 1219 2516 piente
1247 2470 1349 2507 sunt
1375 2469 1471 2506 tota
1499 2464 1581 2506 die.
1821 2484 1828 2492 ·

1124 2521 1192 2563 Ne
1229 2521 1506 2563 obliviscaris
1542 2533 1676 2563 voces
1709 2520 1901 2561 inimico-

1074 2590 1168 2618 rum
1184 2581 1374 2619 tuorum:
1385 2580 1408 2605 *
1419 2577 1627 2631 superbia
1645 2578 1809 2626 eorum,
1827 2576 1902 2628 qui

1073 2638 1116 2675 te
1145 2634 1343 2684 oderunt,
1372 2634 1570 2676 ascendit
1598 2646 1784 2686 semper.

1123 2692 1221 2733 Ant.
1262 2690 1483 2733 Liberasti
1517 2690 1686 2741 virgam
1717 2688 1900 2731 haeredi-

1072 2747 1175 2788 tatis
1202 2752 1301 2788 tuae.
