2040 2976
750 205 856 238 Fcria
886 210 993 238 sexta
1022 203 1068 236 ad
1099 202 1333 236 Matutinum.

242 306 485 346 Memorare
497 316 595 355 quae
610 316 708 344 mea
723 301 1013 344 substantiaz*

190 360 401 413 numquid
442 360 558 401 enim
595 372 705 400 vane
746 357 1013 400 constituisti

191 430 341 459 omnes
369 416 484 457 filios
512 414 762 458 hominum?

242 474 348 524 Quis
391 478 458 514 est
498 472 648 522 homo,
690 472 764 523 qui
800 470 933 519 vivet,
971 474 1014 510 et

190 543 275 572 non
303 529 472 571 videbit
498 534 699 571 mortem:
727 530 750 554 *
779 529 901 568 eruet
927 526 1013 567 ani-

190 599 306 628 mam
334 599 458 627 suam
487 586 542 627 de
569 599 700 626 manu
727 583 876 625 inferi?

240 642 326 685 Ubi
356 647 456 683 sunt
483 640 799 683 misericordiae
827 645 915 681 tuae
943 652 1014 679 an—

190 701 324 751 tiquae
335 699 534 748 Domine,
545 700 568 725 *
582 698 694 740 sicut
709 696 860 749 jurasti
870 695 1015 736 David

191 756 234 796 in
262 756 448 797 veritate
475 754 572 796 tua?

243 812 411 853 Memor
443 817 539 853 esto
572 811 758 852 Domine
787 809 1015 863 opprobrii

192 871 420 910 servorum
435 870 610 910 tuorum
630 870 653 894 *
668 866 803 918 (quod
819 867 1014 908 continui

191 926 235 966 in
259 925 356 966 sinu
383 926 497 976 meo)
523 924 758 965 multarum
787 923 1006 964 Gentium.

244 981 374 1032 Quod
389 981 765 1034 exprobraverunt
780 980 941 1021 inimici
951 980 1015 1021 tui

192 1039 394 1088 Domine,
427 1040 450 1064 *
485 1037 604 1090 quod
639 1036 1015 1090 exprobraverunt

192 1095 580 1137 commutationem
610 1094 771 1135 Christi
799 1093 874 1135 tui.

243 1151 508 1193 Benedictus
549 1151 764 1192 Dominus
807 1150 850 1190 in
892 1151 1014 1191 aeter-

192 1222 307 1249 num:
335 1210 358 1235 *
386 1208 472 1257 fiat,
499 1207 586 1249 fiat.

457 1263 652 1302 I'salmus
682 1263 745 1301 93.

190 1315 353 1419 Deus
372 1320 586 1361 ultionum
607 1320 835 1361 Dominus:
851 1321 874 1346 *
894 1320 1015 1361 Deus

300 1377 514 1418 ultionum
543 1376 680 1418 libere
709 1377 808 1428 egit.

242 1434 447 1475 Exaltare
480 1433 554 1485 qui
586 1433 751 1484 judicas
783 1438 960 1474 terram:
993 1434 1016 1459 *

194 1490 329 1532 redde
357 1489 689 1532 retributionem
718 1489 930 1542 superbis.

245 1547 485 1598 Usquequo
502 1549 760 1599 peccatores
779 1546 978 1595 Domine,
994 1548 1016 1573 *

194 1607 423 1655 usquequo
434 1605 691 1655 peccatores
701 1602 1017 1654 gloriabuntur:

246 1659 516 1709 Effabuntur,
536 1664 579 1700 et
607 1659 840 1711 loquentur
864 1660 1017 1712 iniqui-

195 1718 345 1757 tatem:
386 1718 409 1742 *
450 1715 684 1767 loquentur
724 1729 894 1766 omnes,
944 1717 1018 1769 qui

196 1774 433 1825 operantur
461 1772 736 1824 injustitiam?

247 1829 465 1882 Populum
489 1834 611 1870 tuum
635 1830 822 1871 Domine
850 1829 1018 1871 humili-

197 1887 394 1927 averunt:
427 1888 450 1913 *
485 1891 529 1927 et
562 1885 865 1928 haereditatem
900 1892 1019 1928 tuam

197 1943 474 1983 vexaverunt.

248 1998 454 2048 Viduam,
483 2003 526 2040 et
553 1999 767 2041 advenam
794 2000 1019 2042 interfece-

198 2059 314 2096 runt:
342 2057 365 2081 *
394 2060 438 2096 et
464 2055 656 2108 pupillos
684 2056 951 2098 occiderunt.

250 2111 307 2152 Et
326 2110 541 2152 dixerunt:
568 2112 668 2154 Non
687 2112 854 2154 videbit
871 2113 1019 2154 Domi-

199 2180 295 2216 nus,
326 2169 350 2194 *
378 2181 458 2209 nec
485 2168 697 2220 intelliget
724 2170 845 2211 Deus
873 2170 1021 2211 Jacob.

250 2223 485 2275 Intelligite
504 2225 758 2277 insipientes
778 2226 821 2266 in
839 2227 1021 2278 populo:

201 2285 245 2321 et
272 2279 395 2322 stulti
423 2280 658 2333 aliquando
687 2283 838 2335 sapite.

252 2336 335 2387 Qui
347 2336 560 2389 plantavit
575 2351 736 2388 aurem,
750 2352 837 2379 non
852 2338 1022 2381 audiet?

200 2395 224 2420 *
243 2398 317 2434 aut
335 2393 409 2445 qui
428 2393 552 2435 finxit
573 2394 757 2446 oculum,
778 2408 864 2437 non
884 2399 1022 2437 consi-

201 2449 347 2491 derat?

253 2506 338 2556 Qui
356 2506 537 2558 corripit
552 2507 729 2557 Gentes,
748 2521 835 2549 non
855 2511 1024 2560 arguet:

202 2564 225 2588 *
254 2562 327 2614 qui
357 2562 488 2604 docet
515 2563 736 2605 hominem
765 2564 1015 2606 scientiam?

252 2618 466 2660 Dominus
481 2620 564 2661 scit
583 2620 870 2670 cogitationes
890 2622 1025 2662 homi-

201 2688 315 2724 num,
342 2677 365 2702 *
393 2676 599 2727 quoniam
627 2690 750 2717 vanae
779 2683 889 2718 sunt.

253 2731 416 2773 Beatus
435 2731 578 2782 homo,
599 2746 729 2784 quem
748 2738 795 2775 tu
815 2733 1025 2776 erudieris

1065 299 1268 341 Domine:
1291 300 1314 325 *
1338 302 1382 338 et
1402 296 1458 338 de
1479 296 1578 348 lege
1595 300 1671 338 tua
1690 295 1895 338 docueris

1066 369 1177 405 eum,

1117 412 1176 453 Ut
1203 410 1378 461 mitiges
1407 409 1447 450 ei
1475 422 1501 451 a
1529 408 1685 451 diebus
1711 408 1854 450 malis:
1872 410 1896 436 *

1066 469 1208 511 donec
1236 466 1429 508 fodiatur
1456 466 1684 519 peccatori
1709 466 1850 508 fovea.

1119 526 1230 576 Quia
1254 538 1342 566 non
1368 522 1554 576 repellet
1572 522 1788 564 Dominus
1806 522 1896 575 ple-

1066 582 1167 624 bem
1187 595 1325 623 suam:

1066 652 1154 680 non
1183 637 1469 689 derelinquet.

1119 694 1418 746 Quoadusque
1433 692 1599 745 justitia
1614 693 1898 742 convertatur

1067 752 1110 792 in
1138 751 1359 816 judicium:
1391 752 1415 777 *
1449 754 1492 791 et
1525 749 1600 802 qui
1632 750 1751 801 juxta
1779 748 1900 790 illam

1068 821 1220 849 omnes
1249 808 1324 860 qui
1352 811 1476 849 recto
1505 811 1606 848 sunt
1634 805 1780 848 corde.

1119 865 1227 915 Quis
1263 868 1503 916 consurget
1542 862 1650 904 mihi
1685 861 1899 904 adversus

1067 920 1381 972 malignantes?
1401 923 1424 948 *
1445 925 1520 962 aut
1540 920 1638 972 quis
1658 918 1793 961 stabit
1811 932 1898 961 me-

1068 992 1168 1020 cum
1209 978 1423 1020 adversus
1466 979 1704 1030 operantes
1744 976 1898 1029 iniqui-

1067 1035 1227 1077 tatem?

1118 1092 1216 1133 Nisi
1233 1092 1334 1144 quia
1349 1092 1566 1133 Dominus
1585 1090 1754 1143 adjuvit
1771 1102 1857 1132 me:
1875 1090 1900 1117 *

1067 1148 1200 1202 paulo
1223 1149 1367 1190 minus
1393 1148 1636 1190 habitasset
1660 1147 1706 1188 in
1730 1146 1900 1188 inferno

1068 1206 1212 1246 anima
1238 1218 1348 1247 mea.

1119 1262 1164 1303 Si
1193 1261 1408 1304 dicebam:
1436 1261 1585 1303 Motus
1614 1266 1682 1303 est
1708 1273 1789 1313 pes
1813 1273 1900 1301 me-

1068 1332 1135 1360 us:
1174 1320 1199 1346 *
1241 1318 1547 1360 misericordia
1595 1323 1673 1360 tua
1711 1317 1902 1358 Domine

1069 1375 1307 1428 adjuvabat
1334 1388 1415 1417 me.

1120 1431 1371 1474 Secundum
1412 1431 1739 1474 multitudinem
1780 1429 1901 1472 dolo-

1070 1503 1168 1531 rum
1186 1491 1387 1531 meorum
1405 1489 1450 1530 in
1470 1488 1606 1530 corde
1625 1501 1740 1530 meo:
1762 1489 1786 1515 *
1801 1499 1902 1529 con-

1070 1546 1311 1588 solationes
1340 1550 1429 1587 tuae
1452 1545 1790 1587 laetificaverunt
1815 1543 1902 1586 ani-

1070 1616 1187 1644 mam
1213 1615 1368 1644 meam.

1122 1659 1351 1712 Numquid
1369 1659 1567 1701 adhaeret
1584 1658 1665 1701 tibi
1678 1657 1807 1700 sedes
1826 1657 1904 1698 ini·

1072 1717 1265 1769 quitatis:
1299 1718 1323 1743 *
1359 1716 1434 1768 qui
1465 1716 1593 1768 fingis
1627 1715 1828 1757 laborem
1859 1714 1904 1755 in

1070 1772 1323 1826 praecepto?

1123 1829 1375 1883 Captabunt
1400 1829 1445 1870 in
1473 1829 1662 1870 animam
1680 1829 1795 1881 justi:
1818 1829 1842 1855 *
1860 1832 1904 1869 et

1072 1887 1328 1938 sanguinem
1346 1886 1626 1928 innocentem
1641 1885 1903 1928 condemna-

1071 1943 1191 1986 bunt.

1124 2001 1182 2042 Et
1210 2000 1352 2042 factus
1387 2004 1455 2042 est
1483 1999 1589 2041 mihi
1615 1999 1832 2041 Dominus
1860 1998 1904 2040 in

1074 2057 1302 2108 refugium:
1335 2059 1358 2084 *
1387 2061 1431 2099 et
1457 2057 1581 2098 Deus
1608 2069 1732 2098 meus
1759 2055 1803 2096 in
1831 2054 1904 2097 ad-

1074 2114 1279 2166 jutorium
1307 2114 1401 2166 spei
1429 2126 1552 2155 meae.

1125 2171 1182 2212 Et
1202 2170 1360 2212 reddet
1384 2169 1468 2211 illis
1491 2169 1767 2221 iniquitatem
1789 2168 1904 2220 ipso-

1075 2240 1184 2268 rum:
1214 2232 1257 2269 et
1289 2227 1331 2267 in
1360 2226 1526 2268 malitia
1554 2227 1707 2268 eorum
1739 2224 1904 2278 disper—

1075 2283 1150 2325 det
1183 2297 1278 2326 eos:
1310 2284 1334 2309 *
1362 2282 1592 2336 disperdet
1624 2282 1722 2324 illos
1755 2281 1905 2324 Domi-

1075 2354 1155 2382 nus
1182 2341 1304 2382 Deus
1332 2345 1495 2382 noster.

1125 2399 1223 2440 Ant.
1258 2396 1528 2439 Benedictus
1548 2396 1764 2438 Dominus
1783 2395 1827 2436 in
1851 2408 1906 2436 ae-

1075 2455 1259 2495 ternum.

1126 2513 1223 2552 Ant.
1262 2511 1459 2551 Cantate.

1339 2564 1538 2604 Psalmus
1567 2565 1634 2604 95.

1076 2615 1299 2722 Caritate
1338 2624 1529 2665 Domino
1575 2623 1794 2665 canticum
1833 2635 1906 2663 no—

1181 2694 1296 2721 vum:
1315 2681 1339 2707 *
1360 2683 1535 2723 cantate
1553 2680 1744 2721 Domino
1765 2679 1907 2721 omnis

1078 2740 1205 2777 terra.

1343 582 1430 622 *et
1449 578 1758 621 haereditatem
1772 592 1897 621 suam
1952 616 1958 621 .
