2040 2976
467 193 539 227 Die
563 194 595 228 8.
620 194 726 228 Julii.
772 194 807 229 S.
833 195 1033 229 Elisabeth
1058 196 1148 238 Reg.
1173 195 1381 238 Portugall.
1406 197 1555 231 Viduze.

163 289 326 332 ciburia
352 289 519 331 ancillis
546 289 646 331 suis.
683 287 989 330 Consideravit

162 359 324 397 agrum,
344 351 387 387 et
407 345 511 387 emit
531 358 645 387 eum:
665 344 720 386 de
738 345 883 386 fructu
900 346 988 385 ma-

161 415 295 444 nuum
335 404 512 443 suarum
553 401 768 454 plantavit
806 402 988 442 vineam.

162 459 365 500 Accinxit
390 458 647 500 fortitudine
673 457 847 499 lumbos
873 469 988 507 suos,

162 520 206 557 et
224 515 451 556 roboravit
470 514 697 557 brachium
716 527 853 555 suum.

212 575 263 627 R.
278 571 434 622 Regali
449 573 602 613 exorta
615 570 825 623 progenie
840 569 987 611 trium-

161 627 268 681 phat
304 628 347 668 in
384 627 507 669 coelis
543 626 788 676 Elisabeth,
825 626 987 678 triplici

162 684 432 726 circumdata
468 684 682 725 varietate
718 683 986 725 meritorum:

159 743 182 767 *
198 741 312 782 Nam
330 741 374 781 in
394 745 511 782 terra
530 741 573 781 in
592 740 754 792 triplici
772 740 874 781 vitae
893 753 986 791 gra-

161 797 219 839 du
242 797 435 849 posteris
458 796 667 838 imitanda
690 797 899 838 virtutum
922 809 986 838 re-

160 853 286 906 liquit
301 852 513 905 exempla.
538 850 590 902 V.
612 852 882 904 Virginalem
901 857 985 894 sta-

159 915 267 959 tum,
297 908 585 961 conjugalem,
615 914 658 951 et
682 909 902 950 vidualem
925 909 985 949 in-

160 965 327 1007 offenso
347 965 462 1018 pede
481 967 681 1008 cucurrit.
707 966 831 1007 Nam.

464 1026 617 1067 Lectio
636 1027 675 1067 ii.

161 1078 415 1187 Gustavit‚
443 1085 487 1122 et
510 1079 619 1122 vidit
646 1079 747 1131 quia
775 1078 891 1120 bona
918 1083 985 1120 est

252 1137 494 1187 negotiatio
509 1137 613 1188 ejus:
632 1149 721 1177 non
741 1136 984 1185 exstingue-

155 1199 227 1236 tur
251 1194 296 1234 in
318 1198 449 1235 nocte
472 1193 650 1234 lucerna
670 1193 771 1244 ejus.
807 1192 986 1233 Manum

158 1264 281 1292 suam
300 1250 417 1291 misit
436 1250 493 1290 ad
511 1250 657 1298 sonia,
687 1254 730 1290 et
750 1248 874 1299 digiti
894 1249 984 1299 ejus

157 1306 544 1359 apprehenderunt
589 1306 744 1347 fusum.
808 1306 985 1346 Manum

157 1376 281 1404 suam
301 1362 472 1416 aperuit
489 1363 621 1415 inopi,
643 1367 685 1404 et
699 1362 868 1414 palmas
883 1374 984 1402 suas

160 1419 356 1460 extendit
378 1418 435 1461 ad
458 1422 710 1473 pauperem.
744 1419 845 1460 Non
864 1419 983 1460 time-

157 1475 223 1517 bit
250 1474 399 1517 domui
427 1489 518 1517 suae
547 1488 572 1516 a
597 1475 832 1526 frigoribus
857 1475 984 1516 nivis:

159 1545 309 1574 omnes
335 1532 449 1573 enim
474 1531 706 1573 domestici
726 1533 816 1584 ejus
836 1532 983 1574 vestiti

156 1593 257 1630 sunt
289 1587 547 1640 duplicibus.
586 1588 882 1640 stragulatam
913 1601 983 1629 ve-

155 1649 268 1686 stem
288 1644 390 1686 fecit
410 1644 509 1686 sibi:
533 1644 692 1696 byssus
720 1650 764 1686 et
786 1648 983 1698 purpura

154 1699 455 1742 indumentum
479 1701 581 1753 ejus.
614 1700 788 1743 Nubilis
814 1702 858 1742 in
882 1714 981 1755 por·
1043 1715 1052 1757 j:¹
1074 1698 1145 1757 {345³

154 1757 211 1798 tis
237 1757 304 1799 vir
331 1757 439 1809 ejus,
479 1758 655 1810 quando
691 1758 855 1801 sederit
884 1771 982 1800 cum

155 1813 431 1855 senatoribus
446 1819 587 1856 terrae.
616 1815 854 1856 Sindonem
868 1815 981 1865 fecit,

157 1874 200 1911 et
226 1869 440 1920 vendidit,
474 1876 519 1912 et
552 1871 771 1922 cingulum
798 1871 982 1914 tradidit

156 1925 416 1968 Chananaeo.

204 1985 255 2036 R.
284 1983 346 2024 Os
366 1996 491 2025 suum
510 1984 680 2036 aperuit
700 1985 937 2037 sapientiae,
955 1988 977 2013 *

154 2039 212 2080 Et
242 2039 315 2080 lex
346 2039 589 2081 clementiae
621 2041 665 2081 in
697 2040 844 2092 lingua
878 2043 979 2093 ejus.

152 2093 204 2145 V.
224 2096 440 2145 Qudniam
458 2097 712 2148 praevenisti
732 2110 828 2139 eam
846 2098 889 2138 in
908 2097 980 2140 be-

154 2150 477 2194 nedictionibus
496 2152 749 2195 dulcedinis.
776 2154 844 2196 Et.

453 2211 603 2252 Lectio
624 2213 678 2253 iii.

151 2261 430 2367 Fortitudo
458 2270 502 2306 et
525 2265 658 2307 decor
680 2266 980 2308 indumentum

250 2321 358 2372 ejus,
384 2325 428 2362 et
451 2321 614 2364 ridebit
635 2323 679 2363 in
702 2322 772 2364 die
796 2324 978 2364 novissi-

153 2389 237 2418 mo.
267 2377 328 2418 Os
349 2390 475 2419 suum
492 2379 661 2430 aperuit
676 2380 914 2431 sapientiae,
935 2385 979 2422 et

152 2433 224 2474 lex
243 2432 486 2474 clementiae
505 2434 549 2474 in
567 2434 714 2485 lingua
733 2437 834 2487 ejus.
869 2436 978 2477 Con-

154 2489 364 2531 sideravit
397 2490 574 2532 semitas
607 2490 763 2533 domus
796 2505 902 2542 suae,
935 2498 979 2535 et

152 2558 309 2598 panem
330 2546 473 2587 otiosa
491 2559 578 2587 non
597 2547 799 2589 comedit.
830 2548 978 2590 Surre-

153 2604 309 2644 xerunt
344 2602 422 2643 filii
459 2604 566 2654 ejus,
604 2608 649 2645 et
679 2603 978 2646 beatissimam

153 2658 517 2710 praedicaverunt:
545 2659 611 2700 vir
631 2661 738 2712 ejus,
766 2666 809 2702 et
830 2660 976 2703 lauda-

153 2714 216 2757 vit
241 2727 348 2756 eam.
382 2715 532 2759 Multae
557 2715 658 2757 fssiae
685 2720 975 2768 congregave-

1803 191 1867 227 411

1040 291 1141 327 runt
1182 285 1372 328 divitias:
1415 292 1463 328 tu
1500 288 1783 339 supergressa
1820 299 1867 328 es

1040 343 1277 384 universas.
1318 342 1469 384 Fallax
1496 343 1655 393 gratia,
1685 348 1728 384 et
1755 356 1866 384 vana

1041 404 1108 440 est
1121 399 1420 451 pulchritudo:
1438 399 1592 443 mulier
1606 400 1764 441 timens
1779 400 1867 440 Do-

1040 456 1218 505 minum,
1250 457 1347 509 ipsa
1376 454 1635 497 laudabitur.
1680 457 1793 497 Date
1828 456 1867 497 ei

1041 512 1095 554 de
1115 512 1259 554 fructu
1277 514 1483 553 manuum
1503 514 1694 553 suarum:
1718 518 1761 554 et
1779 512 1866 553 lau-

1041 568 1146 610 dent
1166 581 1262 610 eam
1281 569 1324 610 in
1343 569 1483 621 portis
1504 571 1639 620 opera
1659 569 1759 620 ejus.

1095 632 1145 683 R».
1177 630 1457 671 Desiderium
1490 630 1646 670 animae
1676 631 1766 680 ejus
1793 630 1865 671 tri-

1039 686 1171 728 buisti
1198 687 1253 736 ei,
1278 690 1301 714 *
1321 687 1378 728 Et
1401 686 1625 728 voluntate
1651 686 1865 728 labi6rum

1040 744 1130 794 ejus
1155 756 1243 784 non
1269 743 1482 784 fraudasti
1510 755 1617 784 eam.
1659 740 1708 791 V.
1732 744 1865 784 Scuto

1038 799 1166 840 bonae
1218 800 1456 841 voluntatis
1505 804 1593 840 tuae
1644 800 1866 842 coronasti

1039 869 1135 897 eam
1151 857 1349 897 DOmine.
1377 856 1445 897 Et.
1474 856 1624 897 Gloria
1643 856 1774 896 Patri.
1799 856 1866 897 Et.

1263 938 1311 976 In
1339 938 1389 976 II.
1418 938 1641 979 Nocturno.

1091 996 1190 1036 Ant.
1237 997 1423 1048 Propter
1466 996 1712 1045 veritatem⁷
1756 999 1779 1023 *
1823 1002 1866 1038 et

1037 1052 1426 1102 mansuetudinem,
1446 1059 1489 1094 et
1508 1054 1714 1105 justitiam
1730 1053 1863 1095 dedu-

1038 1114 1107 1150 cet
1125 1115 1169 1151 te
1187 1109 1444 1151 mirabiliter
1464 1110 1644 1151 dextera
1663 1115 1748 1151 tua.

1091 1172 1190 1212 Ant.
1226 1172 1390 1212 Arcum
1421 1173 1619 1212 comeret
1645 1174 1667 1197 *
1693 1176 1736 1213 et
1765 1185 1863 1213 con-

1038 1226 1196 1278 fringet
1228 1240 1362 1277 arma,
1399 1233 1442 1268 et
1475 1233 1599 1268 scuta
1634 1227 1864 1269 comburet

1037 1296 1134 1333 1gn1.

1090 1346 1189 1387 Ant.
1226 1345 1399 1386 Justitia
1431 1346 1454 1370 *
1487 1350 1530 1386 et
1562 1345 1863 1386 misericordia

1037 1402 1167 1454 plena
1186 1407 1254 1443 est
1274 1402 1456 1444 dextera
1474 1407 1558 1443 tua.

1089 1458 1140 1510 V.
1172 1463 1309 1514 Virga
1340 1469 1433 1511 tua,
1468 1468 1511 1505 et
1538 1462 1721 1504 baculus
1751 1468 1862 1504 tuus.

1037 1520 1086 1571 Rz.
1110 1520 1214 1572 Ipsa
1232 1533 1302 1561 me
1323 1519 1551 1561 consolata
1572 1525 1682 1561 sunt.

1337 1587 1489 1628 Lectio
1509 1588 1562 1627 iv.

1039 1657 1040 1660 ¹
1076 1651 1137 1711 '7³5
1152 1645 1340 1688 lisabeth
1355 1645 1589 1696 Aragoniae
1605 1644 1780 1695 regibus
1796 1658 1861 1686 or-

1047 1753 1049 1756 .
1132 1702 1140 1757 f
1169 1707 1277 1753 tam,
1303 1702 1465 1743 Christi
1491 1715 1605 1743 anno
1631 1701 1861 1743 millesimo

1042 1753 1145 1784 *Ἀ
1171 1760 1470 1801 ducentesimo
1536 1758 1861 1810 septuagesimo

1033 1817 1194 1869 primo,
1221 1816 1265 1857 in
1290 1815 1556 1869 praesagium
1582 1815 1738 1856 futurae
1768 1827 1861 1855 san-

1034 1873 1254 1915 ctim6niae
1270 1874 1485 1925 parentes,
1505 1876 1668 1924 praeter
1682 1883 1860 1921 morem,

1033 1930 1186 1972 relicto
1212 1930 1364 1971 matris
1391 1929 1588 1980 aviaeque
1613 1928 1807 1977 mimine,
1835 1940 1860 1968 a

1031 1999 1189 2036 magna
1214 1987 1304 2038 ejus
1328 1987 1580 2034 matertera,
1606 1984 1860 2035 Thuringiae

1033 2041 1225 2092 domina,
1257 2047 1408 2083 sancta
1436 2040 1679 2090 Elisabeth,
1711 2040 1755 2081 in
1786 2040 1859 2082 ba-

1031 2101 1194 2150 ptismo
1228 2098 1496 2140 nominatam
1529 2097 1716 2139 voluere.
1773 2096 1859 2139 Ubi

1031 2160 1134 2196 nata
1154 2160 1230 2204 est,
1257 2155 1405 2196 statim
1423 2154 1577 2207 patuit,
1606 2166 1736 2206 quam
1755 2153 1858 2195 felix

1031 2224 1184 2262 regum
1218 2215 1542 2263 regnorumque
1569 2214 1686 2252 esset
1713 2210 1857 2251 futura

1030 2268 1246 2320 pacatrix:
1272 2267 1468 2310 natalitia
1496 2267 1611 2308 enim
1634 2267 1725 2318 ejus
1749 2265 1856 2306 laeti-

1029 2324 1091 2366 tia
1116 2324 1387 2376 perniciosas
1414 2324 1485 2365 avi
1512 2324 1738 2375 patrisque
1771 2321 1854 2363 dis-

1031 2381 1255 2422 sensiOnes
1271 2381 1314 2422 in
1332 2380 1614 2422 concurdiam
1629 2379 1855 2422 convertit.

1029 2438 1160 2479 Pater
1178 2450 1284 2479 vero
1310 2438 1547 2479 crescentis
1571 2440 1728 2490 postea
1752 2436 1854 2476 sssiae

1030 2493 1270 2535 admiratus
1280 2493 1483 2544 indolem,
1493 2493 1740 2535 affirmAbat
1751 2492 1854 2541 fore,
1864 2511 1868 2516 ’

1029 2555 1077 2591 ut
1104 2563 1192 2592 una
1215 2550 1442 2592 Elisabeth
1469 2550 1659 2602 reliquas
1686 2550 1852 2597 Arago-

1029 2607 1199 2648 niorum
1240 2619 1393 2658 regum
1433 2607 1642 2657 sanguine
1683 2605 1851 2646 creatas

1028 2663 1210 2704 feminas
1245 2663 1407 2704 virtute
1445 2662 1575 2713 longe
1612 2662 1851 2713 superaret.

1027 2719 1098 2760 Sic
1124 2720 1351 2761 coelestem
1374 2720 1512 2771 ipsius
1529 2719 1664 2760 vitam
1683 2717 1727 2757 in
1751 2727 1849 2757 con-
