2040 2976
182 209 251 244 238

187 305 410 346 universas
425 301 635 343 mentium
650 298 939 350 cogitationes
953 297 1012 337 in-

185 360 349 411 telligit.
368 360 527 400 Homo.
551 357 699 399 Gloria
708 355 839 397 Patri.
853 355 1012 395 Homo.

251 422 510 467 Ix’csponsoria
554 420 710 463 propria
747 420 860 459 huius
898 419 941 452 II.
982 423 1017 451 et

198 474 257 506 111.
289 473 408 506 Fcriae
438 473 660 513 repetuntur
692 469 727 501 in
764 469 942 502 omnibus
974 467 1017 500 ll.

196 530 230 555 ct
269 521 331 554 111.
371 519 493 554 Feriis
531 527 653 560 usque
692 517 741 550 ad
778 516 1018 550 Dominicam

196 570 219 602 Ι.
246 571 347 612 Sept⁴

405 656 566 692 Feria
598 654 799 691 Tertia.

311 712 371 751 De
395 707 623 750 Parabolis
647 705 904 748 Salomonis.

275 776 426 817 Lectio
450 776 472 815 i.
789 774 891 824 Cap.
907 774 943 812 5.

276 835 322 876 ili
349 835 424 884 mi,
457 832 634 876 attende
669 832 725 874 ad
757 830 1016 884 sapientiam

294 904 452 940 meam,
482 896 525 932 et
549 889 794 942 prudentiae
819 900 929 928 meae
957 886 1016 926 in-

191 949 303 991 clina
323 961 472 990 aurem
490 953 620 996 tuam,
639 951 694 999 ut
708 943 932 987 custodias
947 955 1017 984 co-

190 1005 434 1057 gitationes,
454 1009 498 1046 et
519 1003 793 1056 disciplinam
812 1000 928 1042 labia
944 1004 1019 1041 tua

192 1063 464 1104 conservent.
505 1061 573 1102 Ne
602 1058 805 1101 attendas
834 1057 1019 1098 fallaciae

191 1118 396 1160 mulieris.
423 1118 569 1158 Favus
591 1116 706 1158 enim
727 1114 942 1157 distillans
961 1113 1019 1154 la-

191 1175 264 1217 bia
278 1174 532 1224 meretricis,
553 1178 597 1215 et
614 1172 792 1214 nitidius
814 1170 912 1212 oleo
928 1174 1020 1221 gut—

190 1237 261 1274 tur
294 1232 396 1283 ejus.
444 1230 696 1272 Novissima
729 1232 875 1269 autem
906 1226 1021 1267 illius

193 1290 339 1329 amara
361 1287 485 1340 quasi
504 1285 798 1339 absynthium,
827 1288 871 1325 et
894 1286 1022 1324 acuta

194 1344 318 1396 quasi
349 1342 522 1394 gladius
554 1342 716 1395 biceps.
755 1339 899 1382 Pedes
932 1340 1022 1391 ejus

195 1400 466 1442 descendunt
485 1400 529 1440 in
548 1405 752 1447 mortem,
781 1402 825 1439 et
844 1395 901 1438 ad
919 1395 1022 1436 infe-

194 1469 267 1499 ros
301 1469 478 1507 gressus
509 1455 625 1497 illius
655 1457 898 1508 penetrant.
939 1452 1023 1493 Per

195 1513 394 1554 semitam
418 1513 520 1553 vitae
543 1525 631 1553 non
656 1510 897 1559 ambulant,
924 1508 1024 1560 vagi

197 1575 296 1611 sunt
315 1581 491 1620 gressus
512 1569 603 1620 ejus
624 1573 667 1609 et
685 1565 1024 1617 investigabiles.

254 1636 304 1686 R.
326 1633 481 1675 Praebe
507 1633 567 1674 fili
592 1645 668 1674 cor
691 1631 812 1681 mihi,
841 1636 885 1672 et
911 1629 1026 1672 oculi

197 1691 260 1732 tui
285 1690 378 1731 vias
402 1702 522 1731 meas
547 1688 811 1748 custodiant:
837 1687 859 1711 *
877 1687 934 1729 Ut
953 1686 1025 1728 ad-

198 1747 327 1788 datur
346 1746 485 1797 gratia
505 1745 637 1798 capiti
655 1751 743 1787 tuo.
770 1742 820 1789 Y.
834 1740 1026 1785 Attende

199 1802 261 1843 fili
280 1803 339 1844 mi
359 1802 617 1855 sapientiam
635 1814 789 1850 meam,
810 1806 853 1842 et
868 1799 925 1841 ad
940 1799 1025 1841 elo-

200 1859 349 1911 quium
374 1872 520 1900 meum
542 1858 703 1900 inclina
728 1869 877 1898 aurem
895 1861 1027 1897 tuam.

200 1916 259 1957 Ut
278 1915 477 1957 addatur.

512 1982 663 2023 Lectio
683 1982 722 2022 ii.

206 2039 383 2146 Nunc
402 2057 507 2096 ergo
527 2044 589 2085 fili
607 2044 666 2085 mi
687 2043 789 2085 audi
807 2056 892 2093 me,
913 2049 956 2085 et
975 2057 1030 2086 ne

315 2100 497 2142 recedas
542 2114 567 2141 a
609 2099 757 2141 verbis
800 2100 889 2140 oris
933 2100 1030 2141 mei.

204 2158 356 2208 Longe
376 2158 444 2198 fae
463 2156 519 2198 ab
539 2169 590 2198 ea
608 2156 724 2197 viam
746 2161 881 2205 tuam,
909 2162 953 2198 et
977 2169 1031 2198 ne

205 2215 534 2266 appropinques
560 2212 725 2254 feribus
751 2212 907 2253 domus
929 2214 1031 2265 ejus.

204 2269 272 2311 Ne
300 2268 378 2310 des
407 2268 557 2309 alienis
582 2269 796 2310 honerem
820 2274 959 2320 tuum,
988 2274 1032 2310 et

206 2338 344 2367 annos
371 2330 472 2366 tuos
502 2324 683 2366 crudeli:
718 2325 787 2366 Ne
815 2324 929 2366 forte
957 2325 1031 2365 im-

205 2381 408 2435 pleantur
437 2381 632 2422 extranei
659 2380 824 2422 viribus
850 2381 954 2431 tuis,
990 2386 1033 2423 et

206 2437 381 2480 labores
400 2437 464 2478 tui
485 2437 570 2478 sint
593 2437 637 2477 in
656 2437 789 2478 domo
809 2436 964 2487 aliena,
991 2443 1034 2479 et

207 2507 356 2546 gemas
374 2493 418 2534 in
440 2493 705 2542 novissimis,
732 2492 908 2545 quando
933 2506 1032 2534 con-

208 2550 448 2603 sumpseris
482 2562 634 2591 carnes
667 2554 764 2590 tuas
798 2555 841 2591 et
873 2562 1034 2602 corpus

207 2612 340 2657 tuum,
360 2612 404 2648 et
419 2605 554 2647 dieas2
574 2606 660 2647 Cur
675 2605 919 2647 detestatus
939 2618 1035 2646 sum

209 2663 495 2716 disciplinam,
511 2668 554 2703 et
565 2661 937 2714 increpationibus
948 2674 1035 2703 non

210 2719 428 2772 acquievit
460 2731 536 2760 cor
569 2731 729 2766 meum,
772 2730 855 2759 nec
890 2717 1035 2759 audivi

717 210 815 242 Intra
844 206 1136 241 llcbdomadam
1163 204 1183 237 i.
1209 202 1386 244 Augusti.

1064 308 1220 336 vocem
1239 293 1491 335 docentium
1509 305 1590 342 me,
1609 297 1654 334 et
1671 293 1891 344 magistris

1065 364 1151 392 non
1170 349 1374 392 inclinavi
1393 362 1544 391 aurem
1561 348 1726 391 meam?

1127 412 1177 462 R.
1193 406 1372 448 Initium
1391 405 1630 458 sapientiae.
1648 406 1743 447 236.

1374 463 1527 504 Lectio
1548 462 1606 502 iii.

1154 532 1259 561 uare
1278 519 1517 569 seduceris,
1541 518 1604 560 fili
1621 518 1695 568 mi,
1719 517 1775 560 ab
1795 517 1895 559 alie-

1172 590 1245 625 na,
1274 581 1317 618 et
1336 576 1499 618 foveris
1517 576 1562 616 in
1580 575 1676 616 sinu
1694 572 1894 616 alterius?

1067 633 1266 686 Respicit
1284 632 1500 674 Deminus
1519 632 1612 674 vias
1631 631 1833 681 heminis,
1853 635 1897 672 et

1068 703 1219 731 omnes
1269 702 1446 741 gressus
1497 690 1587 741 eius
1636 687 1897 729 considerat.

1067 746 1329 798 Iniquitates
1366 758 1458 786 suae
1495 744 1673 798 capiunt
1704 743 1898 797 impium,

1069 807 1112 844 et
1160 802 1336 844 funibus
1386 803 1672 855 peccaterum
1720 802 1898 842 suorum

1069 859 1393 910 constringitur.
1424 859 1529 911 Ipse
1546 858 1773 906 morietur,
1798 855 1900 908 quia

1070 927 1158 957 non
1175 915 1328 957 habuit
1348 914 1640 968 disciplinam,
1669 918 1714 956 et
1731 913 1776 954 in
1793 912 1899 954 mul-

1070 971 1255 1013 titudine
1276 971 1475 1013 stultitiae
1495 984 1587 1012 suae
1607 970 1861 1023 decipietur.

1130 1029 1181 1080 R.
1199 1028 1399 1070 Verbum
1418 1028 1626 1079 iniquum.
1645 1028 1740 1068 236.

1279 1140 1442 1177 Feria
1476 1140 1691 1188 Quarta.

1196 1195 1262 1235 De
1284 1191 1513 1234 Parabolis
1536 1191 1791 1234 Salomonis.

1158 1255 1311 1296 Lectio
1332 1254 1356 1294 i.
1670 1251 1773 1302 Cap.
1793 1250 1830 1289 8.

1082 1322 1150 1401 Πς
1170 1310 1354 1363 umquid
1384 1322 1490 1363 non·
1510 1309 1725 1362 sapientia
1757 1308 1902 1350 clami-

1134 1325 1159 1405 ’Χῖ*
1191 1372 1272 1418 tat,
1306 1371 1351 1408 et
1381 1366 1617 1419 prudentia
1649 1365 1725 1408 dat
1748 1377 1905 1407 vocem

1076 1423 1220 1466 suam?
1238 1424 1291 1464 In
1305 1424 1498 1473 summis,
1519 1422 1794 1474 excelsisque
1811 1434 1905 1463 ver-

1075 1481 1234 1522 ticibus
1263 1493 1397 1533 supra
1424 1480 1557 1530 viam,
1584 1480 1629 1520 in
1655 1477 1813 1520 mediis
1841 1479 1905 1519 se-

1075 1537 1193 1579 mitis
1221 1541 1361 1586 stans,
1387 1537 1510 1588 juxta
1536 1540 1690 1588 portas
1718 1533 1907 1576 civitatis

1075 1594 1120 1634 in
1151 1593 1261 1646 ipsis
1291 1592 1459 1634 foribus
1490 1592 1702 1644 loquitur,
1739 1589 1907 1632 dicens:

1078 1650 1116 1692 O
1135 1650 1228 1699 viri,
1248 1648 1306 1691 ad
1323 1662 1405 1691 vos
1425 1648 1615 1699 clamito,
1639 1652 1684 1690 et
1702 1659 1791 1689 vox
1809 1658 1908 1687 mea

1078 1706 1135 1748 ad
1154 1706 1270 1748 filios
1288 1706 1526 1747 heminum.
1554 1703 1790 1756 Intelligite
1810 1705 1907 1756 par-

1078 1763 1167 1805 vuli
1186 1762 1407 1813 astutiam,
1434 1767 1478 1803 et
1500 1762 1758 1814 insipientes
1777 1759 1908 1801 anim-

1078 1819 1306 1862 advertite.
1365 1817 1548 1875 Audite,
1596 1816 1803 1870 quoniam
1851 1815 1907 1857 de

1077 1876 1208 1918 rebus
1253 1875 1422 1927 magnis
1466 1874 1668 1916 locutura
1706 1885 1819 1914 sum:
1865 1876 1909 1913 et

1078 1933 1328 1985 aperientur
1347 1931 1464 1973 labia
1482 1944 1591 1980 mea,
1607 1935 1656 1972 ut
1672 1934 1793 1971 recta
1806 1930 1911 1982 prae·

1079 1988 1237 2031 dicent.

1139 2047 1190 2098 R.
1204 2045 1394 2086 Domine
1412 2049 1552 2098 pater.
1571 2043 1663 2085 237.

1395 2099 1547 2141 Lectio
1564 2098 1604 2138 ii.

1175 2157 1378 2199 eritatem
1425 2155 1710 2198 meditabitur
1760 2159 1910 2206 guttur

1187 2226 1347 2263 meum,
1376 2217 1420 2254 et
1446 2212 1564 2254 labia
1591 2224 1690 2253 mea
1718 2211 1908 2252 detesta-

1080 2270 1244 2312 buntur
1270 2269 1463 2322 impium.
1503 2269 1527 2309 J
1529 2269 1616 2310 usti
1641 2274 1741 2309 sunt
1760 2280 1913 2309 omnes

1082 2328 1308 2368 sermones
1325 2325 1427 2375 mei,
1456 2337 1543 2366 non
1568 2329 1636 2366 est
1660 2324 1706 2364 in
1733 2324 1795 2365 eis
1814 2336 1912 2376 pra-

1083 2396 1186 2424 vum
1207 2380 1330 2435 quid,
1355 2394 1498 2433 neque
1521 2382 1790 2434 perversum.
1827 2379 1910 2420 Re-

1084 2439 1142 2480 eti
1180 2443 1280 2480 sunt
1319 2437 1677 2488 intelligentibus,
1719 2441 1763 2477 et
1792 2435 1909 2487 aequi

1083 2493 1403 2536 invenientibus
1431 2493 1669 2535 scientiam.
1710 2491 1912 2544 Accipite

1085 2550 1360 2604 disciplinam
1392 2563 1553 2600 meam,
1586 2554 1630 2591 et
1661 2561 1750 2590 non
1782 2551 1913 2600 pecu-

1085 2608 1216 2648 niam:
1242 2606 1487 2649 doctrinam
1510 2605 1665 2656 magis‚
1692 2617 1823 2657 quam
1842 2617 1912 2645 au-

1086 2676 1181 2704 rum
1210 2664 1368 2716 eligite.
1422 2662 1578 2704 Melior
1605 2666 1672 2702 est
1700 2661 1816 2702 enim
1847 2673 1911 2702 sa-

1085 2719 1249 2771 pientia
1284 2720 1452 2762 cunctis
1484 2717 1829 2771 pretiosissimis:
1868 2721 1913 2758 et
