2040 2976
468 168 539 202 Die
564 168 614 201 24.
640 167 756 201 Junii.
806 167 846 200 In
872 166 1085 201 Nativitate
1110 166 1145 201 S.
1170 169 1334 202 Joannis
1360 168 1557 212 Baptistae.

205 264 340 306 Trina
375 268 420 305 te
454 263 598 305 fructu
635 261 855 304 cumulata
887 272 983 302 cen-

306 325 692 420 Nexibiilsugrnant.

156 454 281 494 Nunc
299 455 460 505 potens
479 448 620 491 nostri
635 447 803 489 meritis
824 447 983 499 opimis

203 508 401 551 Pectoris
427 505 562 548 duros
580 503 754 557 lapides
773 503 935 545 revelle

204 566 425 618 Asperum
449 562 634 616 planans
659 561 757 611 iter,
790 565 834 602 et
859 560 982 602 refle-

309 631 624 729 ΒίῑίἕθῗὲιῗΙεε.

155 750 210 793 Ut
225 751 325 804 pius
339 749 490 791 mundi
504 749 634 791 Sator
649 752 692 790 et
707 746 983 799 Redemptor

203 806 424 849 Mentibus
450 806 594 859 culpae
618 805 711 846 sine
736 803 836 846 labe
861 803 983 856 puris

205 864 307 906 Rite
325 863 526 915 dignetur
545 862 723 904 veniens
741 860 899 903 beatos

306 920 477 961 Pc'mere
494 932 684 970 gressus.

153 992 377 1035 Laudibus
397 993 516 1035 cives
535 992 758 1034 celebrent
777 992 954 1044 superni

203 1050 269 1091 Te
313 1050 435 1091 Deus
478 1048 682 1114 simpleX,
731 1049 983 1102 pariterque

204 1163 436 1216 supplices
461 1110 612 1205 {linii‘bs
635 1163 807 1205 veniam
831 1164 984 1214 preca-

308 1277 447 1320 Parce
463 1233 720 1330 ῗὲειὶὲωρῒὶε.
753 1276 907 1318 Amen.

206 1350 256 1403 V.
278 1352 371 1394 Iste
394 1364 506 1405 puer
523 1364 708 1403 magnus
728 1363 877 1392 coram
896 1351 984 1392 Do-

152 1408 283 1450 mino.
318 1412 369 1463 R·.
394 1409 510 1451 Nam
533 1413 577 1450 et
599 1421 753 1450 manus
774 1409 865 1460 ejus
885 1420 984 1450 cum

152 1464 251 1518 ipso
271 1470 348 1507 est.

205 1540 276 1583 Ad
301 1541 462 1583 Bened.
490 1542 590 1582 Ant.
628 1540 843 1592 Apertum
869 1543 936 1580 est
960 1539 984 1566 *

154 1607 204 1637 os
231 1594 476 1645 Zachariae,
512 1599 556 1637 et
582 1595 886 1648 prophetavit,
921 1595 982 1638 di-

154 1664 271 1694 cens:
289 1651 558 1694 Benedictus
577 1653 699 1694 Deus
719 1652 871 1693 Israel.

490 1728 653 1769 Oratio.

153 1787 335 1894 Deus,
369 1791 444 1844 qui
470 1794 735 1845 praesentem
764 1791 881 1834 diem
908 1791 984 1833 ho-

247 1847 491 1890 norabilem
510 1848 639 1891 nobis
657 1849 701 1890 in
719 1848 839 1891 beati
854 1849 879 1890 J
882 1850 983 1890 oan-

152 1905 221 1946 nis
252 1904 481 1947 nativitate
519 1905 676 1948 fecisti:
712 1905 769 1947 da
805 1905 983 1958 populis

153 1961 240 2004 tuis
268 1961 562 2015 spiritualium
589 1962 776 2014 gratiam
803 1961 983 2013 gaudio-

154 2031 266 2070 rum3
299 2023 344 2061 et
371 2019 565 2060 Omnium
592 2018 789 2061 fidelium
814 2022 984 2060 mentes

155 2073 293 2126 dirige
311 2076 356 2116 in
374 2075 491 2117 viam
510 2075 664 2117 salutis
684 2077 872 2118 aeternae.
899 2076 984 2116 Per

153 2131 390 2174 Dominum
408 2137 620 2175 nostrum.

419 2219 487 2256 Ad
510 2219 714 2257 Tertiam.

209 2282 308 2322 Ant.
337 2281 580 2324 Innuebant
598 2282 715 2335 patri
735 2283 837 2334 ejus.

207 2347 467 2399 Capitulum.
502 2346 672 2389 Audite.
690 2348 786 2388 356.

120 2424 126 2432 ’
206 2412 256 2464 R.
272 2411 334 2453 br.
356 2412 456 2454 Fuit
469 2411 604 2454 homo
623 2415 644 2439 *
659 2411 820 2453 Missus
835 2424 861 2452 a
875 2411 983 2452 Deo.

153 2467 264 2510 Fuit.
302 2463 352 2515 V.
377 2468 458 2510 Cui
481 2481 642 2510 nomen
668 2473 762 2510 erat
780 2468 983 2509 Joannes.

153 2524 325 2566 Missus.
354 2525 505 2566 Glaria
522 2525 655 2566 Patri.
682 2524 794 2565 Fuit.

205 2585 257 2637 V.
299 2590 419 2632 Inter
460 2593 589 2631 natos
625 2588 857 2634 mulierum
894 2601 983 2630 non

153 2646 342 2744 {grem
368 2646 517 2698 major.
563 2648 609 2697 Rg.
636 2645 662 2685 J
664 2647 806 2686 oanne
833 2645 982 2698 Bapti-

1309 259 1377 295 Ad
1400 259 1588 297 Sextam.

1091 315 1190 355 Ant.
1219 313 1405 354 Joannes
1424 311 1665 353 vocabitur.

1092 375 1351 427 Capitulum.
1604 377 1727 417 Isaiae
1749 379 1815 417 49.

1115 436 1134 473 t
1152 445 1268 474 nunc
1287 432 1383 474 haec
1403 431 1510 475 dicit
1527 434 1758 485 Dominus,
1782 435 1865 476 for-

1130 501 1255 530 mans
1274 502 1345 531 me
1365 502 1419 530 ex
1434 493 1562 531 utero
1579 503 1752 532 servum
1768 492 1866 533 sibi:

1035 544 1151 587 Dedi
1179 550 1223 587 te
1247 546 1292 586 in
1315 545 1458 588 lucem
1479 547 1702 597 Gentium,
1730 553 1777 589 ut
1807 549 1866 589 sis

1037 601 1155 642 salus
1202 614 1300 643 mea
1345 616 1485 655 usque
1525 603 1581 645 ad
1623 606 1866 646 extremum

1035 663 1176 700 terrae.

1091 719 1141 769 K.
1171 718 1231 759 br.
1269 716 1390 757 Inter
1422 722 1551 758 natos
1582 718 1812 759 mulierum
1845 722 1867 745 *

1035 772 1137 813 Non
1162 772 1350 814 surrexit
1373 774 1523 824 major.
1554 774 1685 815 Inter.
1722 772 1772 823 Y.
1795 775 1820 814 J
1823 787 1865 815 o-

1036 830 1148 870 anne
1167 829 1380 882 Baptista.
1413 830 1527 871 Non.
1564 830 1716 871 Gloria
1736 831 1866 872 Patri.

1035 886 1166 927 Inter.

1090 942 1140 993 V.
1165 942 1394 984 Elisabeth
1414 943 1640 985 Zachariae
1663 957 1868 995 magnum

1036 999 1175 1040 virum
1203 999 1364 1050 genuit.
1406 1005 1455 1057 R»,
1480 1000 1504 1040 J
1507 1002 1694 1042 oannem
1718 1001 1866 1054 Bapti-

1037 1060 1151 1097 stam
1169 1056 1497 1098 Praecursorem
1516 1057 1705 1098 Domini.

1318 1134 1386 1170 Ad
1409 1136 1593 1172 Nonam.

1092 1189 1190 1230 Ant.
1220 1190 1287 1229 'Fu
1306 1200 1428 1240 puer.

1094 1250 1352 1302 Capitulum.
1557 1252 1679 1291 lsaiae
1696 1254 1761 1291 49.
1779 1252 1815 1292 b.

1039 1301 1225 1408 Reges
1262 1303 1488 1355 videbunt,
1525 1310 1568 1347 et
1605 1309 1869 1356 consurgent

1130 1362 1366 1415 principes,
1389 1367 1433 1405 et
1453 1362 1701 1405 adorabunt
1719 1363 1867 1404 Domi-

1036 1432 1141 1461 num
1164 1419 1309 1461 Deum
1336 1425 1477 1471 tuum,
1507 1425 1551 1462 et
1579 1425 1779 1461 sanetum
1806 1421 1867 1460 Is-

1036 1476 1137 1526 rael,
1159 1476 1233 1528 qui
1252 1476 1383 1527 elegit
1401 1481 1457 1519 te.

1091 1536 1140 1586 R.
1162 1534 1223 1575 br.
1241 1532 1469 1575 Elisabeth
1490 1533 1716 1575 Zachariae
1737 1536 1759 1558 *
1779 1533 1866 1574 Ma-

1035 1603 1169 1641 gnum
1218 1590 1359 1632 virum
1408 1591 1567 1641 genuit.
1630 1590 1867 1632 Elisabeth.

1038 1645 1089 1695 V.
1111 1648 1135 1688 J
1139 1649 1326 1688 oannem
1352 1647 1600 1700 Baptistam
1620 1648 1866 1689 Praecurso-

1036 1716 1129 1745 rem
1147 1704 1337 1745 D6mini.
1364 1704 1581 1756 Magnum.
1620 1704 1769 1745 Gloria
1788 1705 1866 1746 Pa-

1035 1761 1102 1803 tri.
1129 1761 1371 1803 Elisabeth.

1094 1813 1142 1864 V.
1165 1819 1256 1859 Iste
1275 1830 1386 1871 puer
1406 1830 1590 1869 magnus
1610 1830 1758 1859 coram
1778 1818 1865 1859 Do-

1036 1875 1167 1916 mino.
1206 1876 1252 1927 Ix'g.
1277 1874 1392 1916 Nam
1415 1879 1459 1916 et
1481 1887 1635 1915 manus
1656 1875 1746 1926 ejus
1768 1888 1866 1916 cum

1035 1931 1134 1984 ipso
1155 1936 1234 1973 est.

1238 2003 1299 2044 In
1325 2003 1387 2044 11.
1411 2003 1663 2052 vesperis.

1093 2061 1178 2094 Ant.
1210 2066 1245 2094 et
1277 2061 1368 2103 Cap.
1402 2061 1447 2095 de
1482 2061 1597 2095 Laud.
1626 2061 1706 2103 356;
1742 2062 1801 2095 Ps.
1830 2068 1866 2095 ut

1039 2109 1075 2141 in
1103 2108 1128 2142 1.
1154 2108 1269 2152 Yesp.
1296 2109 1341 2142 de
1370 2109 1514 2143 Comm.
1539 2109 1676 2152 Apost.
1702 2109 1748 2152 [2]

1092 2156 1266 2200 Hymnus
1292 2162 1333 2191 ut
1358 2157 1393 2190 in
1420 2157 1445 2191 I.
1474 2157 1588 2201 Vesp.
1611 2157 1689 2192 348.

1091 2202 1139 2253 V·
1162 2210 1252 2251 Iste
1276 2222 1388 2262 puer
1406 2222 1590 2261 magnus
1611 2221 1760 2251 coram
1778 2209 1865 2250 Do-

1035 2266 1166 2308 mino.
1200 2264 1250 2315 Rg.
1270 2265 1385 2307 Nam
1410 2270 1454 2307 et
1478 2278 1632 2307 manus
1658 2266 1748 2317 ejus
1768 2277 1866 2306 cum

1035 2323 1134 2375 ipso
1155 2327 1232 2365 est.

1092 2378 1161 2418 Ad
1182 2378 1354 2430 Magnis.
1384 2380 1482 2419 Ant.
1515 2381 1623 2420 Puer
1647 2380 1670 2405 *
1697 2378 1772 2430 qui
1791 2389 1862 2417 na-

1034 2439 1106 2477 tus
1126 2441 1193 2478 est
1211 2435 1353 2486 nobis,
1371 2435 1471 2489 plus
1492 2448 1631 2488 quam,
1641 2433 1865 2486 Propheta

1036 2497 1117 2534 estz
1142 2491 1214 2534 hic
1238 2496 1305 2534 est
1329 2492 1460 2543 enim,
1481 2491 1536 2534 de
1557 2504 1644 2544 quo
1663 2490 1865 2532 Salvator

1035 2549 1113 2590 ait:
1130 2549 1252 2591 Inter
1270 2553 1398 2590 natos
1418 2548 1649 2590 mulierum
1667 2558 1755 2588 non
1774 2557 1862 2586 sur-

1035 2605 1148 2648 rexit
1166 2606 1305 2658 major
1325 2606 1350 2646 J
1353 2607 1494 2647 oanne
1513 2605 1726 2657 Baptista.

1091 2666 1136 2699 Et
1160 2667 1198 2700 iit
1224 2676 1418 2699 commem.
1444 2676 1549 2709 sequ.
