2040 2976
549 248 620 282 Die
644 248 674 283 7.
699 249 804 283 Julii.
852 249 887 284 S.
913 249 1128 284 Pulcheriae
1153 251 1288 295 Imper.
1315 258 1349 286 ct
1372 252 1476 295 Yirg.

158 349 258 397 sita,
289 346 365 388 ubi
398 344 553 387 deesse
585 346 696 388 vidit
730 347 805 399 qui
834 347 989 400 praelia

157 403 334 445 Domini
362 404 589 455 pugnaret,
613 403 872 446 Debboram
898 404 988 445 imi-

156 462 259 509 tata,
283 458 372 501 fide
396 471 448 500 ac
467 459 677 510 religione
701 464 870 502 armata
888 473 985 513 pro-

159 516 301 566 cessit,
327 521 369 558 et
392 515 538 556 missis
561 516 605 556 in
627 529 800 558 omnem
817 523 989 570 partem

158 573 357 626 epistolis
371 571 603 623 hortando,
622 572 854 623 monendo,
868 574 988 615 mini-

156 628 312 679 tando,
344 641 433 670 non
460 629 679 681 pecuniae,
714 642 803 671 non
830 629 987 671 labori·

157 685 240 728 bus
249 698 448 739 parcenS,
464 685 596 736 digna
611 685 768 728 effecta
779 691 846 728 est
859 700 990 739 quam

156 743 310 785 Patres
326 741 500 784 concilii
515 741 889 784 Chalcedonensis
904 756 989 785 una

158 799 351 842 omnium
369 811 480 840 voce
506 803 639 851 atque
665 800 890 851 praeconio
919 813 988 841 cu-

157 856 332 898 stodem
350 855 466 906 fidei,
487 856 611 908 pacis
635 855 988 907 conciliatricem,

158 912 450 966 expultricem
486 912 815 963 haereticorum,
860 913 988 965 piam,

158 968 464 1019 orthodoxam,
482 981 642 1011 novam
659 969 875 1011 Helenam
895 971 987 1021 (sic-

157 1031 205 1068 ut
235 1026 508 1068 Marcianum
540 1030 644 1068 tunc
676 1027 989 1079 imperatorem

157 1095 319 1125 novum
357 1083 708 1135 Constantinum)
744 1083 987 1126 consaluta-

156 1144 272 1191 rent;
311 1142 470 1192 cuique
508 1146 685 1182 sanctus
721 1140 814 1182 Leo
852 1143 988 1182 totius

156 1197 371 1238 Romanae
402 1196 616 1239 Ecclesiae
649 1197 824 1239 nomine
856 1197 988 1250 pluri-

155 1267 276 1295 mum
303 1253 613 1305 gratularetur,
648 1255 828 1306 ejusque
857 1267 989 1296 causa

157 1310 378 1352 exsultare
398 1323 445 1352 se
466 1310 643 1362 diceret,
667 1324 718 1353 ac
739 1311 871 1362 digna
890 1312 987 1353 Deo

156 1372 262 1410 vota
288 1367 561 1420 persolvere,
596 1368 717 1420 quod
746 1367 801 1410 de
828 1368 986 1410 Nesto-

156 1424 278 1465 riana
309 1424 499 1478 primum
530 1425 774 1477 impietate,
809 1438 913 1466 mox
945 1430 989 1468 et

156 1481 323 1522 nefario
351 1481 610 1534 Eutychetis
644 1484 794 1524 errore
819 1484 987 1535 perem-

156 1542 246 1591 pto,
271 1537 494 1592 duplicem
517 1538 579 1580 illi
604 1543 647 1581 et
671 1539 862 1592 palmam
887 1553 986 1581 con-

156 1594 319 1637 tulerat
339 1600 383 1637 et
402 1597 624 1637 coronam.

205 1654 258 1706 Rz.
289 1651 495 1694 Dilexisti
519 1652 746 1705 justitiam,
779 1658 822 1694 et
855 1651 988 1694 odisti

156 1707 449 1761 iniquitatem:
474 1709 497 1733 *
525 1709 768 1762 Propterea
796 1709 920 1751 unxit
943 1715 987 1751 te

156 1764 297 1815 Deus,
341 1765 463 1807 Deus
498 1771 619 1817 tuus,
666 1767 765 1809 oleo
810 1766 987 1808 laetitiae.

155 1818 207 1871 V.
228 1823 417 1875 Propter
438 1823 685 1874 veritatem,
717 1828 761 1865 et
788 1835 986 1864 mansue-

155 1877 364 1930 tudinem,
384 1885 428 1922 et
445 1880 665 1932 justitiam.
693 1881 949 1933 Propterea.

189 1959 191 1964 v
454 1936 609 1979 Lectio
630 1937 683 1978 vi.
727 1948 731 1951 “

224 1996 330 2044 tque
354 1992 424 2035 hae
449 1998 584 2036 tantae
609 1996 813 2036 curarum
836 1994 987 2044 moles,

249 2062 378 2101 ¹quas
410 2052 658 2102 praesertim
690 2051 734 2092 in
761 2051 985 2104 Ephesino

156 2118 209 2146 ac
233 2105 583 2149 Chalcedonensi
607 2108 803 2150 conciliis
827 2108 986 2149 Roma-

154 2164 311 2203 norum
324 2163 589 2206 Pontificum
608 2165 870 2206 auctoritate
885 2177 985 2206 con-

155 2220 338 2270 voca-tis,
360 2221 613 2263 necessario
635 2223 902 2274 susceperat,
926 2224 985 2262 ni-

155 2274 245 2317 hilo
264 2276 383 2318 illam
400 2277 457 2319 ad
472 2279 618 2320 cetera
633 2278 882 2320 christianae
897 2278 986 2330 pie-

155 2333 259 2374 tatis
277 2333 424 2375 officia
439 2334 646 2377 obeunda
660 2335 804 2376 fecere
819 2335 986 2385 segnio-

154 2401 259 2431 rem.
316 2390 507 2434 Assidue
554 2392 799 2434 coelestium
841 2404 987 2432 rerum

155 2447 548 2500 contemplatione,
593 2451 820 2490 sacrorum
853 2447 986 2489 libro-

155 2515 254 2545 rum
278 2503 484 2555 lectione,
513 2506 713 2559 corporis
742 2504 984 2546 afflictatio-

154 2559 282 2600 nibus
311 2566 470 2613 sponte
497 2562 713 2615 susceptis
740 2574 787 2603 se
814 2562 984 2602 exerce-

154 2615 246 2666 bat,
263 2616 464 2659 Psalmos
483 2618 538 2660 de
552 2623 684 2660 nocte
699 2631 884 2669 surgens
900 2630 986 2658 una

155 2685 255 2714 cum
273 2674 405 2724 regiae
424 2675 601 2716 familiae
621 2674 893 2728 principibus
914 2673 985 2716 de-

156 2729 378 2772 cantabat:
399 2732 485 2773 Dei
508 2745 559 2773 ac
578 2732 838 2773 Sanctorum
864 2732 984 2783 (quo-

154 2799 251 2827 rum
271 2791 314 2829 et
333 2787 555 2840 colloquio
573 2800 662 2829 non
680 2787 816 2829 semel
836 2787 983 2839 digna-

1778 253 1871 298 [323]

1040 351 1086 389 ta
1114 349 1196 399 est)
1225 348 1383 390 cultrix
1411 349 1583 399 eximia3
1613 362 1712 401 quae
1740 349 1871 391 etiam

1042 407 1321 457 summopere
1351 417 1526 458 semper
1554 405 1795 455 contendit,
1823 410 1872 448 ut

1043 474 1146 512 erga
1170 463 1322 502 eorum
1345 461 1552 514 reliquias
1577 462 1719 503 cultus
1744 475 1871 513 auge-

1042 519 1172 558 retur.
1212 517 1452 570 Deiparam
1479 518 1523 558 in
1546 518 1700 571 primis
1726 518 1871 569 coluit,

1043 574 1111 615 cui
1138 573 1251 615 hanc
1278 574 1419 626 ipsam
1444 574 1651 627 Deiparae
1679 575 1870 628 appella-

1041 631 1207 672 tionem
1228 636 1380 672 contra
1398 631 1763 673 Nestorianorum
1782 631 1881 673 bla-.

1042 686 1265 740 sphemias
1291 687 1493 738 asseruit3
1519 687 1658 730 voluit
1683 700 1872 740 namque

1042 756 1211 784 summa
1230 743 1458 796 sapientiae
1476 757 1567 786 suae
1584 744 1872 798 dispositione

1042 800 1189 842 divina
1203 799 1490 853 providentia,
1505 806 1553 842 ut
1566 814 1645 853 per
1661 801 1873 852 virginem

1042 870 1210 898 summa
1229 856 1424 907 Virginis
1449 857 1635 908 dignitas
1659 857 1873 899 inoffensa

1042 914 1219 966 penitus
1256 915 1523 965 servaretur,
1571 927 1702 966 quam
1740 915 1872 955 etiam

1042 976 1109 1012 est
1128 971 1296 1013 imitata
1315 969 1535 1012 servando
1550 972 1810 1023 perpetuam
1829 971 1873 1012 in

1040 1028 1139 1079 ipso
1173 1027 1375 1080 conjugio
1407 1027 1720 1078 virginitatem:
1752 1028 1872 1079 cujus

1042 1083 1230 1136 denique
1258 1083 1393 1126 cultui
1419 1083 1729 1137 amplificando
1757 1097 1871 1125 com-

1040 1141 1167 1194 plura
1186 1141 1351 1194 templa
1374 1141 1512 1192 regali
1532 1141 1661 1194 plane
1679 1141 1871 1192 magnifi-

1042 1200 1186 1240 centia
1226 1198 1453 1247 excitavit,
1501 1197 1694 1240 donariis
1741 1198 1872 1247 auxit,

1041 1254 1256 1297 reditibus
1285 1254 1583 1308 locupletavit.
1619 1255 1670 1294 In
1697 1254 1872 1306 placan-

1042 1311 1098 1354 da
1118 1312 1265 1354 divina
1288 1311 1451 1364 justitia
1469 1311 1578 1352 mira
1597 1311 1764 1363 pietate
1786 1313 1871 1352 eni-

1040 1369 1133 1411 tuit.
1187 1369 1288 1410 Fuit
1321 1380 1424 1418 erga
1457 1371 1676 1420 pauperes
1708 1367 1871 1409 miseri-

1042 1425 1193 1467 cordia
1207 1425 1337 1478 plane
1353 1424 1578 1475 singulari:
1599 1437 1710 1476 quos
1727 1429 1770 1465 et
1784 1437 1871 1465 ma-

1040 1485 1163 1524 terna
1197 1482 1387 1534 quadam
1423 1481 1604 1523 caritate
1641 1480 1872 1533 complexa

1041 1545 1108 1582 est
1134 1539 1282 1592 quoad
1301 1539 1420 1587 vixit,
1445 1544 1487 1580 et
1508 1538 1700 1579 moriens
1720 1540 1872 1579 eorum

1042 1610 1141 1649 quae
1174 1595 1350 1638 assidua
1383 1595 1732 1646 effusissimaque
1768 1594 1871 1636 libe-

1040 1653 1191 1695 ralitas
1211 1653 1379 1705 reliqua
1398 1652 1572 1701 fecerat,
1592 1651 1767 1704 scripsit
1786 1650 1870 1692 hae·

1040 1709 1180 1752 redes.
1209 1709 1339 1760 Quod
1357 1714 1532 1751 cautum
1552 1708 1606 1750 ab
1626 1709 1721 1773 ipsa
1736 1713 1869 1753 ,testa-

1040 1769 1189 1809 mento
1210 1767 1299 1816 fuit,
1320 1765 1551 1831 diligenter
1572 1764 1741 1807 curavit
1760 1765 1870 1805 Mar-

1041 1824 1208 1874 cianus,
1242 1836 1373 1876 quem
1404 1823 1501 1876 pari
1528 1822 1751 1872 religionis
1784 1824 1870 1863 stu-

1041 1880 1132 1932 dio,
1177 1880 1398 1945 rebusque
1442 1879 1643 1921 omnibus
1684 1878 1869 1931 imperio

1040 1937 1353 2006 dignissimum,
1377 1937 1474 1989 ipsa
1495 1938 1699 1977 evexerat
1718 1934 1804 1976 ad
1793 1948 1868 1975 1m-

1038 1994 1228 2047 perium‚
1276 1993 1447 2045 sibique
1485 1992 1597 2033 hanc
1633 1992 1775 2044 ipsam
1811 1991 1868 2033 ob

1039 2064 1232 2100 causam,
1261 2050 1382 2092 salva
1408 2063 1539 2102 quam
1563 2050 1660 2090 Deo
1686 2050 1869 2090 voverat

1039 2107 1309 2158 virginitate,
1360 2107 1589 2159 conjugem
1635 2104 1869 2156 delegerat.

1040 2163 1160 2206 Obiit
1176 2176 1290 2204 anno
1307 2162 1738 2216 quadringentesimo
1755 2161 1870 2213 quin-

1040 2220 1295 2273 quagesimo
1319 2220 1463 2269 tertio,
1487 2231 1648 2270 magno
1674 2218 1868 2259 omnium

1038 2277 1172 2327 luctu,
1200 2277 1489 2328 maximisque
1515 2277 1765 2317 sanctorum
1788 2274 1866 2314 Pa-

1038 2338 1165 2383 trum,
1190 2336 1526 2386 ceterorumque
1551 2333 1642 2384 ejus
1657 2331 1745 2373 aevi
1765 2329 1865 2371 scri-

1036 2392 1217 2443 ptorum
1235 2389 1440 2432 laudibus
1462 2388 1695 2431 celebrata.

1090 2447 1140 2498 R».
1170 2446 1421 2488 Afferentur
1438 2445 1562 2497 Regi.
1589 2444 1665 2497 [91]

1259 2504 1308 2544 In
1331 2504 1402 2543 III.
1424 2503 1645 2543 Nocturno.

1036 2558 1191 2600 Lectio
1220 2559 1361 2601 sancti
1378 2557 1604 2610 Evangelii
1625 2555 1865 2598 secundum

1340 2617 1564 2658 Joannem.

1116 2672 1266 2712 Lectio
1288 2671 1356 2711 vii.
1609 2668 1711 2718 Cap.
1728 2667 1783 2706 17.

1035 2726 1112 2834 In
1130 2730 1205 2772 illo
1220 2731 1437 2782 tempore:
1455 2727 1579 2768 Dixit
1593 2727 1618 2767 J
1620 2738 1735 2767 esus:
1753 2725 1864 2766 Haec

1102 2792 1168 2829 est
1194 2791 1339 2828 autem
1364 2785 1454 2826 vita
1479 2785 1660 2833 aeterna,
1687 2786 1735 2823 ut
1762 2793 1861 2832 cog-
