2040 2976
868 202 923 236 Ss.
949 202 1089 237 Cordis
1114 202 1218 236 Jesu.

187 309 290 360 spes
314 294 558 336 vocationis
585 294 686 345 ejus,
715 297 759 334 e't
784 305 883 344 quae
912 292 1016 334 divi-

186 352 260 393 tiae
310 351 463 401 gloriae
514 349 787 390 haereditatis
839 349 929 400 ejus
973 348 1017 388 in

187 407 360 448 sanctis.

239 472 288 521 Ru
317 470 594 511 Gratificavit
612 481 693 510 nos
709 469 860 509 Deus·
850 482 893 508 111
913 467 1016 508 dile-

187 532 259 568 cto
288 526 400 566 Filio
430 538 525 566 suo:
551 526 573 549 *
602 526 654 565 In
689 537 777 576 quo
805 524 1018 566 habemus

186 582 537 634 redemptionem
552 593 632 633 per
648 581 905 631 sanguinem
917 581 1017 630 eius,

186 638 489 679 remissionem
516 639 812 689 peccatorum.
852 632 902 682 V.
930 636 1018 676 Det

186 693 314 734 nobis
333 693 548 733 Dominus
573 692 843 733 illuminatos
864 691 1017 732 oculos

186 749 331 790 cordis
355 748 507 797 nostri,
529 748 573 788 in
592 748 813 799 agnitione
833 748 935 798 ejus.
966 748 1018 788 In

187 818 273 857 quo
293 805 518 847 habemus.

306 890 457 931 Lectio
484 890 522 929 ii.
735 891 837 939 Cap.
858 891 893 928 2.

185 950 354 1055 Deus
374 960 530 1004 autem,
552 955 626 1006 qui
645 955 770 996 dives
790 959 858 995 est
877 955 921 995 in
940 955 1015 996 mi-

290 1010 540 1059 sericordia,
556 1016 740 1063 propter
755 1010 934 1051 nimiam
950 1024 1016 1052 ca-

186 1067 361 1107 ritatem
389 1079 528 1115 suam,
559 1079 645 1118 qua
674 1065 826 1107 dilexit
852 1079 944 1116 nos,
974 1072 1017 1108 et

186 1135 285 1164 cum
305 1124 500 1163 essemus
515 1122 677 1163 mortui
693 1122 899 1173 peccatis,
916 1135 1016 1164 con-

183 1178 420 1219 vivificavit
458 1190 538 1218 nos
576 1178 621 1218 in
656 1177 846 1227 Christo,
881 1180 1017 1230 (cujus

184 1234 323 1283 gratia
350 1234 454 1275 estis
480 1234 650 1284 salvati)
677 1239 720 1275 et
746 1236 1016 1276 conresusci-

183 1290 304 1339 tavit,
320 1295 364 1331 et
379 1289 620 1331 consedere
641 1290 746 1331 fecit
764 1290 808 1330 in
828 1291 1016 1332 coelesti-

183 1345 266 1386 bus
286 1346 330 1386 in
351 1346 527 1387 Christo
548 1346 572 1386 J
576 1359 669 1387 esu:
694 1350 742 1387 ut
762 1346 1017 1388 ostenderet

183 1402 227 1441 in
251 1401 423 1443 saeculis
450 1402 861 1453 supervenientibus
882 1402 1015 1444 abun—

185 1457 340 1498 dantes
357 1456 531 1498 divitias
546 1458 699 1508 gratiae
715 1471 818 1507 suae,
836 1458 881 1498 in
895 1458 1016 1500 boni-

183 1515 275 1554 tate
291 1526 423 1565 super
438 1526 520 1554 nos
535 1514 579 1553 in
591 1513 766 1555 Christo
781 1514 806 1554 J
809 1527 898 1554 esu.
913 1515 1016 1567 Ipse

184 1570 299 1609 enim
319 1574 386 1610 est
402 1582 490 1621 pax
509 1574 670 1617 nostra,
687 1570 761 1621 qui
780 1570 882 1611 fecit
902 1574 1015 1612 utra-

186 1637 270 1676 que
307 1638 455 1674 unum,
493 1630 536 1666 et
572 1625 766 1666 medium
802 1629 1016 1678 parietem

183 1681 387 1720 maceriae
430 1681 627 1731 solvens,
678 1682 927 1723 inimicitias
972 1683 1016 1723 in

184 1748 314 1776 carne
334 1749 426 1777 sua:
451 1737 594 1787 legem
613 1737 923 1778 mandatorum
943 1739 1014 1780 de-

185 1792 316 1833 cretis
338 1794 565 1842 evacuans,
590 1798 637 1834 ut
656 1791 769 1834 duos
789 1793 952 1835 condat
970 1795 1016 1835 in

183 1849 421 1900 semetipso
450 1848 494 1888 in
522 1861 657 1889 unum
682 1861 846 1890 novum
878 1849 1015 1891 homi-

183 1915 295 1952 nem,
314 1903 479 1944 faciens
499 1917 665 1956 pacem,
691 1909 735 1946 et
760 1906 1016 1948 reconciliet

184 1959 338 2000 ambos
370 1960 414 1999 in
445 1972 533 2001 uno
566 1963 771 2012 corpore,
804 1963 902 2003 Deo
935 1976 1016 2014 per

185 2026 369 2064 crucem,
397 2015 666 2057 interficiens
694 2017 944 2060 inimicitias
971 2019 1015 2059 in

185 2073 434 2122 semetipso.
469 2072 526 2113 Et
544 2073 722 2113 veniens
743 2073 1015 2125 evangeliza-

184 2125 246 2166 vit
264 2138 419 2177 pacem
444 2127 583 2177 vobis,
608 2129 682 2179 qui
706 2129 836 2180 longe
861 2130 1014 2180 fuistis,

184 2186 228 2221 et
246 2193 401 2232 pacem
426 2183 489 2232 iis,
515 2184 589 2234 qui
613 2197 765 2236 prope.
798 2186 1015 2236 Quoniam

183 2249 263 2288 per
314 2237 460 2289 ipsum
518 2238 731 2281 habemus
788 2244 1015 2283 accessum

184 2292 314 2334 ambo
335 2293 379 2333 in
397 2306 485 2334 uno
505 2295 670 2346 Spiritu
690 2296 747 2337 ad
766 2297 953 2339 Patrem.

236 2355 287 2405 R.
325 2357 515 2409 Propter
563 2359 741 2401 nimiam
786 2362 1014 2403 caritatem

183 2425 318 2461 suam,
339 2426 425 2464 qua
444 2413 597 2454 dilexit
615 2427 697 2455 nos
716 2416 848 2466 Deus,
869 2421 1012 2460 osten-

183 2468 247 2509 dit
261 2444 536 2510 abundantes
551 2469 725 2512 divitias
740 2474 894 2522 gratiae
906 2487 1012 2515 suae:

184 2525 205 2549 *
225 2524 276 2564 In
295 2524 496 2567 bonitate
516 2538 648 2589 super
671 2540 752 2568 nos
772 2529 816 2568 in
837 2529 1012 2572 Christo

180 2580 204 2620 J
207 2592 296 2620 esu
332 2574 381 2624 lo.
401 2582 504 2633 Ipse
523 2581 637 2622 enim
658 2588 724 2623 est
743 2596 831 2634 pax
850 2591 1012 2636 nostra,

180 2648 261 2686 per
295 2648 426 2687 quem
457 2636 670 2678 habemus
700 2640 926 2680 accessum
954 2641 1012 2683 ad

179 2691 367 2733 Patrem.
394 2693 447 2733 In
466 2693 675 2734 bonitate.

1203 293 1356 333 Lectio
1378 293 1432 332 iii.
1565 294 1669 344 Cap.
1686 295 1722 333 3.
1739 306 1772 334 c.

1166 351 1262 402 ujus
1276 351 1340 391 rei
1351 351 1492 401 gratia
1506 351 1638 393 flecto
1654 354 1795 402 genua
1805 365 1904 394 mea

1185 406 1242 448 ad
1255 407 1434 447 Patrem
1450 407 1630 448 Domini
1643 408 1786 449 nostri
1799 408 1824 448 J
1826 420 1904 449 esu

1073 463 1245 512 Christi,
1262 475 1316 503 ex
1331 475 1419 513 quo
1440 463 1582 504 omnis
1601 464 1845 516 paternitas
1859 464 1904 505 in

1072 519 1208 567 coelis,
1225 523 1269 559 et
1287 518 1331 558 in
1349 523 1468 559 terra
1486 519 1749 569 nominatur,
1763 524 1813 561 ut
1829 519 1905 562 det

1071 574 1199 616 vobis
1247 574 1489 615 secundum
1535 574 1709 617 divitias
1751 575 1904 626 gloriae

1072 643 1174 680 suae,
1194 630 1355 671 virttite
1376 629 1658 672 corroborari
1676 643 1757 683 per
1772 631 1903 683 Spiri-

1070 691 1165 727 tum
1199 687 1289 737 ejus
1318 686 1362 726 in
1391 686 1644 727 interiorem
1672 687 1904 737 hominem,

1071 742 1293 783 Christum
1333 741 1534 783 habitare
1575 754 1655 794 per
1690 742 1824 784 fidem
1860 743 1903 784 in

1072 797 1279 839 cordibus
1307 798 1482 839 vestris:
1508 797 1552 838 in
1581 798 1764 840 caritate
1791 798 1903 840 radi-

1071 854 1180 903 cati,
1209 859 1253 895 et
1283 854 1470 903 fundati,
1504 859 1552 895 ut
1577 855 1759 907 possitis
1786 867 1902 896 com-

1071 909 1345 961 prehendere
1370 922 1470 950 cum
1495 909 1700 951 omnibus
1730 911 1903 960 sanctis

1072 978 1171 1016 quae
1197 966 1254 1007 sit
1282 965 1488 1015 latitudo,
1518 970 1562 1007 et
1588 966 1831 1017 longitudo,
1860 972 1904 1009 et

1072 1021 1335 1071 sublimitaS,
1376 1027 1419 1063 et
1464 1021 1746 1074 profundum:
1790 1023 1904 1065 scire

1072 1078 1203 1118 etiam
1255 1078 1654 1130 supereminentem
1707 1079 1904 1121 scientiae

1071 1134 1300 1175 caritatem
1338 1133 1514 1183 Christi,
1550 1140 1599 1176 ut
1634 1135 1904 1187 impleamini

1070 1190 1114 1230 in
1147 1202 1322 1232 omnem
1358 1190 1679 1243 plenitudinem
1709 1192 1806 1232 Dei.
1850 1192 1903 1233 Ei

1071 1251 1227 1296 autem,
1248 1246 1323 1298 qui
1337 1251 1499 1297 potens
1515 1251 1582 1288 est
1597 1247 1743 1288 omnia
1756 1247 1903 1290 facere

1071 1301 1480 1354 superabundanter
1527 1315 1659 1354 quam
1702 1303 1903 1356 petimus,

1070 1363 1146 1399 aut
1173 1358 1472 1409 intelligimus,
1501 1358 1744 1400 secundum
1771 1359 1902 1401 virtu-

1069 1419 1171 1463 tem,
1200 1427 1299 1466 quae
1331 1416 1542 1466 operatur
1568 1415 1613 1455 in
1645 1415 1790 1457 nobis:
1817 1415 1903 1468 ipsi

1069 1470 1210 1520 gloria
1240 1470 1285 1510 in
1316 1470 1532 1520 Ecclesia,
1569 1475 1613 1512 et
1649 1471 1694 1511 in
1727 1472 1902 1514 Christo

1069 1526 1093 1566 J
1096 1539 1174 1567 esu
1192 1526 1237 1566 in
1256 1539 1408 1568 omnes
1426 1527 1732 1577 generationes
1753 1529 1903 1570 saeculi
1963 1584 1966 1588 Ι

1070 1582 1345 1623 saeculorum.
1372 1583 1527 1624 Amen.

1123 1650 1174 1701 R'·
1200 1648 1289 1688 Det
1324 1648 1454 1689 nobis
1486 1649 1703 1689 Dominus
1738 1649 1902 1691 virtute

1069 1703 1348 1745 corroborari
1379 1716 1460 1756 per
1494 1705 1706 1756 Spiritum
1735 1706 1827 1757 eius
1857 1706 1902 1746 in

1068 1759 1322 1800 interiorem
1354 1759 1593 1801 hominem:
1627 1764 1650 1789 *
1679 1760 1902 1802 Christum

1067 1814 1268 1856 habitare
1287 1828 1367 1867 per
1387 1815 1522 1857 fidem
1539 1816 1584 1856 in
1599 1816 1807 1858 cordibus
1826 1830 1901 1859 no-

1069 1871 1182 1912 stris.
1218 1867 1267 1918 Ys.
1289 1872 1348 1913 Ut
1372 1871 1416 1911 in
1437 1872 1621 1913 caritate
1639 1872 1836 1923 radicati,
1857 1878 1902 1916 et

1068 1925 1238 1967 fundati
1280 1927 1708 1979 comprehendamus
1751 1942 1900 1982 super-

1069 1982 1333 2024 eminentem
1343 1984 1539 2026 scientiae
1549 1985 1781 2026 caritatem
1788 1985 1902 2026 Chri-

1068 2038 1134 2078 sti.
1147 2038 1368 2080 Christum
1379 2039 1590 2082 habitare.
1607 2040 1758 2082 Gloria
1768 2041 1900 2083 Patri.

1069 2093 1293 2136 Christum
1312 2094 1523 2137 habitare.

1295 2177 1345 2216 In
1371 2177 1422 2216 ΙΙ.
1450 2177 1673 2216 Nocturno.

1122 2240 1221 2279 Ant.
1253 2242 1438 2282 (Justate
1460 2246 1504 2283 et
1523 2241 1670 2284 videte
1692 2243 1897 2295 quoniam

1067 2295 1215 2336 suavis
1235 2301 1303 2337 est
1313 2297 1544 2338 Dominus:
1564 2298 1720 2340 beatus
1738 2299 1804 2340 vir
1824 2300 1899 2352 qui

1067 2356 1216 2402 sperat
1235 2351 1278 2392 in
1299 2364 1364 2393 eo.

1338 2414 1538 2454 Psalmus
1558 2414 1623 2453 33.

1078 2475 1404 2532 252..[Jlem3dicam
1438 2478 1676 2520 Dominum
1706 2479 1751 2520 in
1779 2480 1897 2521 omni

1078 2532 1171 2595 {js-*³³
1202 2534 1460 2584 temporez*
1479 2547 1655 2587 semper
1681 2535 1776 2576 laus
1805 2536 1896 2596 eJ‘us

1201 2589 1245 2628 in
1266 2601 1342 2630 ore
1361 2602 1472 2631 meo.

1115 2644 1166 2684 In
1174 2644 1365 2685 Domino
1374 2644 1624 2687 laudabitur
1633 2647 1777 2687 anima
1784 2659 1895 2688 mea:

1063 2698 1087 2723 *
1107 2697 1287 2740 audiant
1305 2701 1532 2750 mansueti,
1552 2706 1596 2743 et
1614 2702 1828 2744 laetentur.
