2040 2976
573 198 645 232 Die
673 199 723 232 19.
747 199 852 232 Julii.
899 198 935 233 S.
960 199 1155 233 Vincentii
1182 211 1202 233 a
1226 200 1347 235 Paulo
1374 202 1482 236 Conf.

166 295 279 337 dinis
295 294 502 337 decorem
515 297 880 349 promovendum,
895 298 997 340 bea-

164 357 258 393 tum
272 352 556 393 Vincentium
575 353 821 405 apostolica
835 355 997 396 virtute

164 407 401 449 roborasti:
443 413 608 460 praesta
647 411 914 461 quaesumus;
950 415 998 451 ut

165 464 286 515 cujus
305 465 379 516 pia
398 465 553 506 merita
572 468 843 515 veneramur,
863 467 995 508 virtu-

164 525 257 561 tum
283 533 460 572 quoque
484 521 752 563 instruamur
771 523 996 574 exemplis.

164 577 250 618 Per
268 577 520 618 Dominum.

215 642 366 676 Deinde
391 643 432 676 fit
456 651 654 675 commem.
679 641 844 684 praeced.

216 700 315 740 Ant.
335 698 421 739 Hic
435 698 502 739 vir
522 698 769 750 despiciens
784 699 995 741 mundum

164 759 208 795 et
226 756 400 796 terrena
413 754 699 807 triumphans,
718 755 893 797 divitias
911 769 995 798 coe-

163 810 207 851 lo
228 809 425 852 condidit
445 824 533 861 ore,
552 824 694 852 manu.

212 869 262 920 V.
289 871 314 911 J
315 876 462 912 ustum
482 871 664 913 deduxit
681 872 896 913 Dominus
916 886 996 925 per

165 927 256 968 vias
281 932 435 968 rectas.
464 929 515 979 Rz.
541 929 598 970 Et
623 928 816 970 ostendit
842 928 903 969 illi
931 942 995 970 re-

126 1010 128 1012 >
162 995 295 1033 gnum
314 984 408 1024 Dei.

214 1054 258 1088 In
288 1054 315 1088 Ι.
340 1054 451 1088 Noct.
476 1053 578 1087 Lect.
610 1054 656 1087 de
682 1054 819 1097 Script.
846 1065 990 1089 occurr.

390 1132 440 1171 In
461 1132 511 1170 ΙΙ.
533 1132 757 1172 Nocturno.

461 1197 614 1239 Lectio
635 1199 688 1237 iv.

176 1256 533 1318 Na
567 1269 592 1297 a
623 1257 781 1306 Paulo,
817 1258 994 1299 natione

166 1295 313 1380 *tva*
337 1312 508 1361 Gallus,
549 1312 678 1354 Podii
714 1326 801 1354 non
838 1314 995 1366 procul

170 1369 230 1388 ”“”’·“”
335 1368 390 1410 ab
406 1369 548 1420 Aquis
563 1369 781 1410 Tarbellis
801 1370 844 1410 in
860 1370 993 1422 Aqui-

163 1425 280 1466 tania
305 1430 447 1474 natus,
476 1426 560 1476 jam
584 1431 677 1467 tum
701 1439 726 1466 a
749 1430 888 1479 puero
908 1429 994 1468 exi-

163 1481 294 1522 miam
321 1481 364 1521 in
392 1485 612 1534 pauperes
644 1483 873 1524 caritatem
900 1497 993 1535 prae

162 1550 210 1579 se
228 1538 338 1579 tulit.
370 1539 411 1578 A
436 1538 638 1580 custodia
658 1540 831 1591 paterni
849 1540 994 1591 gregis

161 1594 218 1636 ad
270 1594 441 1635 litteras
496 1597 724 1644 evocatus,
780 1595 994 1637 humanas

159 1650 319 1702 Aquis,
348 1650 517 1692 divinas
545 1664 646 1692 cum
671 1652 868 1701 Tolosae,
900 1657 994 1694 tum

160 1707 510 1758 Caesaraugustae
530 1707 694 1749 didicit.
731 1708 993 1751 Sacerdotio

159 1764 371 1813 initiatus,
397 1777 448 1805 ac
470 1764 705 1816 theologiae
725 1765 875 1807 laurea
894 1766 992 1807 insi-

158 1822 315 1870 gnitus,
335 1820 379 1860 in
394 1820 563 1862 Turcas
579 1821 742 1870 incidit,
764 1822 838 1873 qui
858 1825 991 1874 capti-

158 1889 261 1917 vum
286 1877 330 1916 in
354 1876 551 1918 Africam
576 1876 866 1919 abduxerunt.
906 1879 993 1920 Sed

157 1932 202 1972 in
217 1933 473 1994 captivitate
488 1934 662 1986 positus
680 1934 834 1975 herum
847 1934 993 1986 ipsum

160 1988 335 2030 Christo
360 2002 511 2030 rursus
537 1989 763 2031 lucrifecit.
801 1990 910 2031 Cum
938 2003 992 2032 eo

158 2045 290 2095 igitur
314 2058 368 2086 ex
391 2045 592 2087 barbaris
612 2046 718 2096 oris,
748 2046 992 2099 opitulante

158 2100 368 2153 Deipara,
398 2114 495 2143 sese
519 2103 782 2154 proripiens,
812 2102 870 2145 ad
889 2116 991 2155 apo—

159 2157 315 2198 stolica
343 2157 492 2198 limina
518 2158 601 2199 iter
625 2158 822 2200 instituit.
863 2158 992 2201 Unde

158 2213 202 2253 in
222 2213 412 2254 Galliam
431 2215 650 2263 reversus,
671 2214 887 2267 Clippiaci
906 2216 990 2267 pri-

158 2281 277 2309 mum
287 2285 313 2317 ,’
327 2281 431 2310 mox
461 2269 740 2312 Castellionis
772 2271 990 2324 paroecias

159 2325 434 2366 sanctissime
467 2326 590 2367 rexit.
639 2327 932 2368 Renuntiatus
966 2341 991 2368 a

158 2393 262 2430 rege
284 2381 519 2433 primarius
544 2385 769 2424 sacrorum
792 2383 991 2424 minister

158 2437 201 2477 in
229 2437 387 2478 Galliae
415 2437 680 2488 triremibus,
712 2439 871 2479 mirum
901 2452 989 2490 quo

158 2493 254 2534 zelo
283 2498 327 2535 et
355 2493 516 2534 ducum
545 2499 589 2535 et
616 2495 830 2545 remigum
847 2494 990 2536 ‘saluti

159 2551 341 2601 operam
359 2550 568 2601 posuerit.
596 2550 861 2591 Monialibus
876 2551 988 2591 Visi-

158 2606 335 2647 tationis
356 2619 381 2646 a
401 2611 552 2647 sancto
569 2606 806 2648 Francisco
821 2606 988 2648 Salesio

158 2662 445 2713 praepositus,
483 2666 604 2703 tanta
640 2661 873 2713 prudentia
908 2675 989 2714 per

159 2729 297 2758 annos
313 2717 486 2759 circiter
500 2717 790 2768 quadraginta
806 2730 903 2759 eam
917 2730 987 2759 cu-

1818 203 1883 238 431

1049 312 1142 340 ram
1167 300 1386 350 sustinuit,
1406 304 1454 341 ut
1472 300 1663 341 maxime
1683 312 1883 352 compro-

1048 355 1223 398 baverit
1233 356 1439 408 judicium
1450 356 1714 396 sanctissimi
1727 358 1884 408 praesu-

1049 412 1113 462 lis,
1131 414 1204 465 qui
1218 412 1494 454 sacerdotem
1503 412 1738 453 Vincentio
1755 411 1885 463 digni-

1051 470 1172 510 orem
1191 469 1359 509 nullum
1382 481 1429 509 se
1453 480 1586 508 nosse
1606 468 1836 509 fatebatur.

1103 527 1153 578 R*-
1179 525 1428 566 Honestum
1457 524 1560 565 fecit
1587 523 1710 564 illum
1733 524 1882 564 Domi-

1049 594 1147 630 nuS,
1172 586 1215 623 et
1235 580 1474 622 custodivit
1494 593 1593 621 eum
1612 579 1667 620 ab
1687 580 1883 629 inimicis,

1050 642 1094 678 et
1122 650 1146 678 a
1174 637 1482 679 seductoribus
1511 636 1672 677 tutavit
1702 636 1839 677 illum:
1858 642 1878 665 *

1050 694 1106 734 Et
1141 693 1264 735 dedit
1294 694 1358 734 illi
1391 693 1635 734 claritatem
1664 694 1883 733 aeternam.

1050 745 1099 796 V.
1118 750 1142 790 J
1144 755 1292 791 ustum
1308 749 1491 791 deduxit
1506 749 1600 789 Dfis
1615 762 1694 801 per
1709 749 1801 789 vias
1818 762 1882 790 re-

1050 812 1154 856 ctaS,
1170 812 1214 848 et
1229 806 1423 848 ostendit
1438 806 1501 846 illi
1512 819 1694 856 regnum
1706 806 1800 846 Dei.
1815 806 1882 847 Et.

1360 863 1512 903 Lectio
1534 878 1570 903 v.

1047 912 1455 1018 Evangelizandis
1471 918 1753 971 pauperibus,
1773 931 1883 970 prae-

1141 976 1291 1017 sertim
1307 975 1520 1025 ruricolis,
1540 975 1596 1016 ad
1612 974 1883 1026 decrepitam

1047 1045 1189 1084 usque
1209 1035 1387 1073 aetatem
1407 1031 1653 1072 indefessus
1675 1031 1882 1080 incubuit,

1049 1091 1176 1140 eique
1197 1089 1445 1140 apostolico
1464 1087 1588 1140 operi
1602 1092 1695 1128 tum
1711 1100 1770 1136 se,
1790 1093 1883 1128 tum

1048 1144 1250 1185 alumnos
1266 1144 1630 1195 congregationis,
1653 1157 1783 1196 quam
1799 1143 1881 1184 sub

1047 1202 1222 1242 nomine
1231 1200 1593 1253 presbyterorum
1606 1200 1882 1241 saecularium

1047 1257 1270 1298 Missionis
1297 1258 1500 1306 instituit,
1530 1259 1747 1309 perpetuo
1774 1261 1880 1297 voto

1049 1326 1073 1354 a
1099 1319 1250 1354 sancta
1269 1313 1382 1354 Sede
1408 1314 1686 1362 confirmato,
1716 1313 1881 1364 specia-

1048 1369 1126 1410 tim
1163 1370 1410 1411 obstrinxit.
1477 1371 1697 1419 Quantum
1734 1373 1882 1409 autem

1048 1426 1261 1477 augendae
1291 1427 1397 1467 cleri
1426 1426 1672 1478 disciplinae
1704 1425 1881 1466 adlabo-

1047 1483 1225 1532 raverit,
1252 1485 1471 1524 testantur
1495 1485 1642 1523 erecta
1668 1483 1881 1533 majorum

1048 1539 1309 1580 clericorum
1328 1540 1576 1588 seminaria,
1597 1539 1881 1580 collationum

1048 1596 1103 1637 de
1120 1596 1277 1637 divinis
1292 1596 1405 1637 inter
1419 1595 1675 1637 sacerdotes
1690 1595 1883 1646 frequen-

1047 1653 1124 1702 tia,
1160 1657 1203 1693 et
1231 1665 1369 1693 sacrae
1399 1651 1664 1693 ordinationi
1690 1651 1880 1704 praemit-

1046 1708 1180 1750 tenda
1206 1709 1432 1758 exercitia,
1469 1707 1525 1749 ad
1552 1720 1668 1759 quae,
1698 1708 1811 1748 sicut
1838 1712 1881 1747 et

1047 1765 1103 1806 ad
1122 1765 1222 1817 pios
1236 1765 1450 1806 laicorum
1466 1766 1676 1813 secessus,
1696 1762 1882 1803 instituti

1047 1822 1113 1862 sui
1148 1821 1373 1863 domicilia
1406 1821 1594 1861 libenter
1622 1821 1775 1872 patere
1806 1821 1879 1859 vo-

1045 1877 1136 1919 luit.
1169 1878 1357 1929 Insuper
1379 1877 1436 1918 ad
1460 1875 1814 1928 amplificandam
1833 1875 1879 1915 fi-

1046 1933 1147 1975 dem
1163 1939 1207 1975 et
1220 1933 1443 1985 pietatem,
1464 1932 1743 1983 evangelicos
1762 1931 1881 1972 misit

1046 1990 1287 2042 operarios,
1306 2002 1394 2030 non
1412 1989 1455 2029 in
1473 1989 1591 2030 solas
1607 1988 1764 2029 Galliae
1780 2001 1879 2040 pro-

1045 2046 1228 2094 vincias,
1262 2044 1342 2086 sed
1375 2049 1419 2086 et
1451 2045 1495 2085 in
1528 2044 1717 2094 Italiam,
1749 2043 1877 2085 Polo-

1045 2102 1177 2151 niam,
1203 2101 1413 2150 Scotiam,
1438 2100 1714 2150 Hiberniam,
1746 2105 1878 2151 atque

1044 2157 1102 2199 ad
1121 2157 1360 2206 Barbaros,
1387 2162 1431 2198 et
1449 2156 1598 2198 Indos:
1633 2157 1736 2208 Ipse
1759 2169 1878 2205 vero,

1044 2214 1135 2255 vita
1166 2213 1317 2254 functo
1351 2213 1582 2254 Ludovico
1617 2213 1876 2254 decimoter-

1043 2270 1121 2320 tio,
1141 2269 1211 2310 cui
1229 2269 1435 2319 morienti
1454 2269 1658 2311 hortator
1678 2268 1832 2317 astitit,
1852 2280 1877 2308 a

1043 2328 1193 2376 regina
1213 2326 1341 2365 Anna
1360 2326 1609 2375 Austriaca,
1626 2330 1774 2365 »matre
1793 2324 1875 2364 Lu-

1044 2381 1189 2423 dovici
1226 2381 1551 2433 decimiquarti,
1594 2381 1639 2422 in
1682 2381 1875 2421 sanctius

1043 2437 1278 2479 concilium
1323 2439 1506 2486 accitus,
1551 2436 1874 2478 studiosissime

1043 2494 1142 2545 egit,
1162 2498 1211 2534 ut
1229 2493 1403 2534 nonnisi
1423 2492 1645 2544 digniores
1666 2492 1873 2540 ecclesiis,

1042 2564 1094 2592 ac
1112 2551 1390 2593 monasteriis
1408 2551 1753 2604 praeficerentur3
1773 2548 1872 2589 civi-

1041 2606 1105 2648 les
1117 2607 1365 2656 discordiae,
1377 2606 1613 2658 singularia
1624 2604 1872 2654 certamina,

1042 2665 1272 2715 serpentes
1291 2665 1479 2712 erroreS,
1501 2675 1612 2714 quos
1632 2660 1759 2702 simul
1779 2672 1872 2700 sen—

1041 2719 1112 2769 sit,
1158 2724 1202 2760 et
1238 2719 1482 2768 exhorruit,
1524 2718 1867 2770 amputarentur;
