2040 2976
726 189 837 223 Feria
856 190 1027 223 secunda
1046 191 1093 224 ad
1113 191 1274 225 Laudes.
1822 189 1867 224 49

151 281 230 323 tui:
266 282 289 307 *
327 287 370 323 et
414 283 569 334 spiritu
609 282 842 335 principali
883 296 982 324 con-

151 337 278 378 firma
305 351 387 380 me.

202 393 388 436 Docebo
420 395 593 446 iniquos
627 395 719 436 vias
748 400 859 436 tuas:
887 396 910 421 *
939 401 983 437 et

151 450 272 502 impii
300 450 357 491 ad
384 455 428 492 te
457 453 778 492 convertentur.

202 505 363 548 Libera
383 519 454 548 me
475 505 530 547 de
549 506 830 557 sanguinibus
849 507 981 557 Deus,

150 562 271 603 Deus
300 562 452 604 salutis
479 575 607 603 meae:
630 563 653 587 *
678 567 722 604 et
745 563 982 605 exsultabit

150 617 296 668 lingua
323 631 422 660 mea
448 618 654 670 justitiam
682 623 812 660 tuam.

202 675 400 724 Domine,
424 673 541 715 labia
563 687 661 716 mea
685 675 871 727 aperies:
895 676 918 701 *
938 682 982 717 et

151 743 201 772 os
215 743 361 772 meum
376 730 648 772 annuntiabit
662 730 837 772 laudem
850 737 980 773 tuam.

203 787 418 837 Quoniam
433 787 470 827 si
482 786 697 828 voluisses
708 788 980 837 sacrificium,

150 842 371 884 dedissem
387 843 551 894 utique:
568 843 591 868 *
606 842 876 885 holocaustis
893 857 981 886 non

150 897 450 940 delectaberis.

201 954 471 996 Sacrificium
489 956 587 997 Deo
616 957 794 1009 spiritus
823 957 980 999 contri·
1034 972 1057 996 1-

148 1010 339 1052 bulatus:
358 1012 380 1036 *
401 1024 477 1053 cor
497 1015 743 1062 contritum,
772 1018 816 1054 et
843 1012 978 1054 humi-

148 1066 301 1108 liatum
327 1067 448 1109 Deus
476 1081 565 1109 non
596 1068 823 1121 despicies.

200 1123 395 1174 Benigne
439 1124 509 1165 fac
549 1125 737 1166 Domine
778 1125 822 1166 in
863 1125 980 1167 bona

147 1179 372 1221 voluntate
396 1185 471 1222 tua
489 1181 608 1222 Sion:
636 1182 659 1207 *
687 1187 735 1223 ut
764 1182 978 1224 aedificen-

147 1240 217 1277 tur
245 1236 358 1277 muri
385 1236 409 1277 J
411 1237 638 1278 erusalem.

199 1292 324 1333 Tunc
352 1292 604 1345 acceptabis
633 1295 895 1336 sacrificium
921 1296 978 1346 ju-

147 1348 289 1397 stitiae,
314 1348 569 1398 oblationeS,
594 1355 637 1391 et
660 1349 932 1392 holocausta:
955 1352 978 1376 *

146 1408 250 1444 tunc
277 1404 503 1456 imponent
529 1418 662 1458 super
690 1405 828 1448 altare
856 1412 979 1448 tuum

146 1458 318 1501 vitulos.

196 1526 294 1566 Ant.
328 1526 536 1568 Miserere
564 1527 650 1568 mei
677 1528 809 1569 Deus.

194 1588 293 1629 Ant.
325 1586 537 1638 Intellige.

425 1676 623 1716 Psalmus
653 1677 689 1716 5.

142 1739 342 1845 Verba
369 1754 468 1783 mea
491 1742 669 1784 auribus
691 1744 870 1796 percipe
889 1745 976 1786 Do-

266 1797 399 1847 mine,
437 1798 461 1823 *
501 1798 694 1850 intellige
740 1799 977 1842 clamorem

144 1865 301 1894 meum.

196 1908 380 1950 Intende
417 1910 517 1951 voci
554 1911 764 1952 orationis
803 1912 976 1962 meae,*

145 1977 223 2006 rex
250 1977 374 2006 meus
403 1970 447 2007 et
473 1966 594 2008 Deus
621 1979 755 2008 meus.

198 2021 413 2071 Quoniam
433 2021 490 2063 ad
508 2027 553 2064 te
573 2022 726 2064 orabo:
745 2024 768 2049 *
787 2024 975 2066 Domine

144 2090 272 2118 mane
301 2077 509 2119 exaudies
538 2091 693 2120 vocem
719 2093 874 2121 meam.

197 2133 326 2175 Mane
362 2133 517 2175 astabo
551 2134 632 2176 tibi
666 2141 710 2177 et
742 2135 918 2178 videbo:
952 2138 975 2164 *

147 2189 352 2241 quoniam
379 2203 467 2231 non
494 2190 615 2232 Deus
643 2191 796 2233 volens
824 2193 975 2245 iniqui—

145 2247 282 2286 tatem
309 2250 358 2286 tu
385 2258 442 2287 es.

196 2301 354 2352 Neque
385 2301 600 2344 habitabit
631 2304 751 2354 juxta
782 2309 826 2345 te
858 2304 975 2346 mali—

145 2369 270 2407 gnus:
290 2358 313 2382 *
332 2370 474 2409 neque
493 2359 812 2422 permanebunt
831 2361 977 2412 injusti

146 2418 246 2454 ante
276 2412 428 2454 oculos
454 2418 567 2455 tuos.

199 2468 343 2510 Odisti
362 2481 524 2519 omnes,
550 2470 624 2522 qui
644 2472 912 2523 operantur
900 2473 975 2512 ini-

147 2525 374 2576 quitatem:
395 2525 418 2550 *
437 2525 598 2577 perdes
622 2539 784 2575 omneS,
814 2527 887 2579 qui
915 2527 975 2569 lo-

149 2583 339 2634 quuntur
367 2580 654 2623 mendacium.

197 2636 354 2678 Virum
390 2637 649 2687 sanguinum
689 2643 732 2679 et
773 2637 976 2680 dolosum

145 2691 466 2734 abominabitur
486 2693 714 2734 Dominus:
742 2694 765 2719 *
795 2706 877 2746 ego
903 2708 974 2736 au-

1034 288 1125 325 tem
1160 284 1204 324 in
1240 284 1516 327 multitudine
1552 285 1866 327 misericordiae

1034 344 1134 381 tuae.

1087 395 1286 437 Introibo
1314 396 1358 436 in
1387 396 1565 438 domum
1592 403 1726 439 tuam:
1751 399 1773 423 *
1794 398 1866 439 ad-

1036 451 1174 493 orabo
1203 451 1260 493 ad
1283 452 1495 504 templum
1520 459 1718 495 sanctum
1743 460 1866 496 tuum

1034 508 1078 548 in
1106 508 1263 549 timore
1292 514 1380 550 tuo.

1085 568 1274 610 Domine
1291 568 1433 610 deduc
1447 582 1518 610 me
1535 569 1579 609 in
1598 570 1759 620 justitia
1778 576 1866 612 tua:

1034 625 1057 649 *
1080 630 1264 677 propter
1288 625 1486 666 inimicos
1510 638 1632 666 meos
1659 625 1796 677 dirige
1823 628 1866 668 in

1035 683 1275 733 conspectu
1302 686 1379 722 tuo
1408 682 1524 722 viam
1551 694 1704 723 meam,

1087 742 1302 791 Quoniam
1326 755 1414 782 non
1443 747 1509 783 est
1536 742 1580 782 in
1609 755 1685 783 ore
1715 745 1865 784 eorum

1034 797 1209 839 veritas:
1238 799 1260 823 *
1290 811 1366 839 cor
1395 800 1547 839 eorum
1576 811 1735 839 vanum
1764 804 1839 840 est.

1086 858 1376 910 Sepulchrum
1417 863 1572 910 patens
1616 864 1682 899 est
1718 864 1866 909 guttur

1034 917 1197 963 eorum,
1217 914 1374 964 linguis
1390 915 1479 955 suis
1495 914 1649 955 dolose
1667 914 1866 965 agebant,

1085 970 1228 1022 judica
1256 970 1354 1012 illos
1383 971 1515 1012 Deus.

1085 1031 1303 1072 Decidant
1335 1045 1361 1072 a
1393 1030 1732 1081 cogitationibus
1766 1033 1865 1081 suis,

1033 1087 1275 1129 secundum
1311 1087 1634 1129 multitadinem
1669 1088 1864 1140 impieta-

1031 1149 1125 1185 tum
1146 1146 1297 1185 eorum
1318 1143 1489 1196 expelle
1510 1156 1597 1192 eos,
1615 1145 1637 1168 *
1660 1145 1866 1196 quoniam

1032 1200 1313 1242 irritaverunt
1340 1205 1383 1242 te
1411 1200 1611 1241 Domine.

1076 1260 1141 1302 ,Et
1168 1260 1370 1302 laetentur
1399 1273 1562 1309 omnes,
1593 1261 1666 1312 qui
1688 1266 1866 1313 sperant

1031 1317 1074 1356 in
1106 1322 1166 1365 te,
1194 1317 1217 1342 *
1245 1317 1289 1357 in
1322 1318 1535 1358 aeternum
1569 1316 1865 1358 exsultabunt:

999 1365 1003 1404 ¹
1032 1378 1076 1414 et
1103 1372 1322 1414 habitabis
1350 1373 1393 1413 in
1423 1373 1495 1413 eis.

1083 1429 1140 1470 Et
1158 1428 1463 1479 gloriabuntur
1482 1429 1526 1468 in
1544 1434 1588 1469 te
1609 1441 1771 1477 omnes,
1791 1429 1865 1480 qui

1032 1484 1217 1535 diligunt
1249 1497 1409 1527 nomen
1440 1490 1578 1533 tuum,
1606 1486 1629 1510 *
1660 1485 1864 1536 quoniam

1031 1546 1078 1582 tu
1105 1540 1342 1582 benedices
1370 1541 1495 1591 justo.

1082 1601 1286 1650 Domine,
1319 1606 1366 1642 ut
1399 1606 1524 1642 scuto
1555 1601 1685 1642 bonae
1714 1601 1863 1642 volun-

1029 1657 1133 1699 tatis
1161 1663 1250 1699 tuae
1278 1658 1301 1682 *
1330 1658 1553 1698 coronasti
1580 1670 1672 1698 nos.

1082 1719 1181 1762 Ant.
1221 1718 1418 1768 Intellige
1452 1717 1689 1759 clamorem
1716 1731 1862 1759 meum

1029 1774 1229 1815 Domine.

1084 1834 1182 1874 Ant.
1219 1835 1338 1876 Deus
1370 1835 1491 1876 Deus
1523 1848 1647 1876 meus
1675 1835 1698 1860 *
1727 1834 1783 1876 ad
1817 1839 1861 1875 te

1030 1890 1086 1932 de
1114 1890 1211 1932 luce
1239 1890 1384 1941 vigilo.

1079 1951 1139 1985 ΡΞ.
1168 1952 1268 1986 idem
1297 1959 1335 1986 ut
1362 1964 1477 1996 snpra
1508 1952 1558 1986 15.

1083 2003 1181 2043 Ant.
1212 2005 1460 2045 conversus
1489 2009 1566 2045 est.

1117 2076 1340 2116 Canticum
1372 2078 1497 2117 Isaiae
1528 2079 1771 2131 Prophetae.

1359 2138 1451 2181 Cap.
1480 2139 1527 2172 12.

1030 2191 1322 2299 Confitebor
1336 2192 1416 2234 tibi
1434 2193 1634 2242 Domine,
1656 2194 1860 2245 quoniam

1128 2249 1265 2290 iratus
1286 2261 1332 2290 es
1352 2249 1472 2290 mihi:
1492 2250 1515 2275 *
1536 2251 1773 2290 conversus
1795 2256 1860 2291 est

1029 2305 1150 2346 furor
1177 2310 1288 2354 tuus,
1319 2310 1362 2347 et
1391 2305 1643 2347 consolatus
1673 2319 1720 2347 es
1747 2319 1828 2347 me.

1079 2361 1196 2402 Ecce
1210 2361 1332 2402 Deus
1352 2361 1546 2403 salvator
1564 2374 1698 2410 meus,
1714 2363 1736 2387 *
1751 2361 1858 2403 fidu-

1029 2417 1197 2458 cialiter
1225 2429 1363 2467 agam,
1392 2422 1436 2459 et
1463 2430 1552 2458 non
1578 2417 1754 2458 timebo.

1081 2473 1192 2522 Quia
1211 2472 1424 2514 fortitudo
1443 2486 1551 2521 mea,
1581 2478 1624 2514 et
1649 2472 1743 2513 laus
1761 2485 1858 2513 mea

1027 2529 1253 2578 DominuS,
1281 2530 1304 2554 *
1334 2534 1378 2570 et
1408 2529 1548 2570 factus
1581 2533 1648 2570 est
1679 2528 1783 2568 mihi
1814 2528 1858 2568 in

1029 2584 1225 2626 salutem.

1079 2641 1302 2682 Haurietis
1344 2654 1480 2692 aquas
1516 2641 1560 2680 in
1600 2639 1761 2690 gaudio
1801 2637 1856 2679 de

1027 2695 1220 2737 fontibus
1255 2696 1511 2739 Salvatoris:
1551 2697 1575 2721 *
1617 2700 1660 2737 et
1700 2694 1854 2736 dicetis
