2040 2976
549 176 620 210 Die
644 176 674 210 ἶ).
699 174 816 209 Junii.
864 174 898 209 S.
923 173 1119 207 Bonifacii
1142 174 1271 216 Episc.
1298 179 1333 207 ct
1358 174 1464 207 Mart.

146 275 230 328 pla.
266 274 463 316 Instituti
489 271 786 326 amplificandi
812 270 974 312 studio-

147 331 360 379 sissimus,
396 329 443 371 id
474 328 662 371 assiduis
695 327 975 377 oratienibus,

146 387 353 436 lacrimis,
382 391 427 428 et
449 387 538 438 jugi
564 385 766 437 corporis
783 396 974 425 macera-

145 443 266 485 tiene
314 445 441 484 enixe
493 455 518 483 a
561 442 660 483 Deo
708 440 975 493 postulabat.

147 498 446 550 Quamebrem
476 498 606 540 tertio
638 498 684 538 in
717 496 976 549 Hispaniam

147 568 195 597 se
220 555 405 597 centulit
430 554 652 608 peregrini
676 552 830 594 habitu
852 552 975 593 indu-

146 617 228 660 tus,
243 612 496 663 victumque
507 610 702 652 ostiatim
711 608 976 650 mendicans.

145 668 198 708 In
222 668 375 710 itinere
403 666 644 720 asperrima
669 677 856 718 quaeque
879 677 975 717 per-

145 725 314 776 pessus,
335 722 659 776 Omnipotentis
675 721 885 763 auxilium
899 721 975 762 mi-

145 793 242 821 rum
273 780 317 821 in
349 778 531 821 modum
563 780 786 831 expertus,
818 777 975 827 navim,

147 848 279 888 quam
298 834 631 884 conscenderat,
658 833 714 876 ab
734 834 976 875 imminenti

144 892 371 943 naufragio
403 891 615 933 orationis
643 889 855 943 praesidio
889 902 975 931 ser-

144 948 264 990 vavit
281 947 555 990 incolumem.
583 947 644 988 Ut
662 947 706 987 in
725 947 872 998 regnis
890 946 975 987 illis

144 1005 237 1046 voti
265 1016 450 1057 compos
477 1003 620 1053 fieret,
653 1003 890 1056 plurimum
916 1002 974 1043 la—

143 1059 334 1110 boravit3
363 1060 443 1102 sed
471 1061 562 1112 ejus
591 1060 835 1102 sanctitatis
862 1059 977 1100 fama

144 1116 427 1169 praelucente,
449 1116 809 1168 amplissimaque
828 1114 975 1157 catho-

144 1173 330 1214 licorum
348 1186 500 1225 regum
514 1172 705 1225 Philippi
722 1171 914 1221 secundi,
934 1176 977 1213 et

146 1229 339 1283 Philippi
356 1230 474 1271 tertii
492 1229 804 1278 munificentia,
824 1228 975 1270 adver-

147 1286 362 1327 sarierum
378 1285 608 1327 conatibus
623 1285 831 1336 singulari
846 1284 977 1325 animi

145 1341 403 1384 fortitudine
423 1342 658 1394 superatis,
678 1341 806 1394 plura
826 1341 892 1382 sui
912 1343 977 1382 or-

147 1397 262 1439 dinis
277 1397 499 1440 domicilia
514 1397 725 1439 fundavit:
746 1397 866 1450 quod
881 1397 978 1449 pari

147 1456 307 1496 eventu
325 1467 405 1507 per
423 1454 595 1496 Italiam
613 1454 831 1506 praestitit.

196 1513 248 1565 R.
276 1511 455 1552 Amavit
474 1523 575 1552 eum
593 1511 824 1560 Deminus,
848 1515 891 1552 et
910 1523 976 1551 or-

146 1568 267 1609 navit
305 1579 419 1608 eum:
458 1567 618 1608 stola'm
650 1566 804 1617 gleriae
836 1566 978 1608 induit

146 1636 256 1674 eum,
274 1625 298 1650 *
316 1623 374 1665 Et
393 1622 450 1664 ad
467 1628 620 1675 portas
638 1622 834 1676 paradisi
853 1635 976 1664 coro-

145 1680 266 1722 navit
280 1692 390 1721 eum.
410 1676 463 1728 ΥΤ.
482 1678 632 1720 Induit
647 1692 747 1720 eum
761 1679 978 1720 Deminus

144 1735 326 1778 loricam
353 1734 474 1785 fidei,
500 1740 545 1777 et
573 1735 745 1777 ornavit
774 1748 883 1776 eum.
920 1735 977 1776 Et

146 1792 203 1834 ad
219 1796 385 1845 portas.

446 1847 598 1888 Lectio
619 1847 671 1887 vi.

238 1904 452 1946 umilitate
472 1904 585 1946 adeo
601 1903 816 1953 excelluit,
830 1908 880 1945 ut
890 1904 976 1945 Ro-

249 1974 367 2002 mam
379 1961 559 2002 veniens
577 1960 621 2001 in
638 1963 884 2013 pauperum
900 1959 976 2001 ho-

146 2017 280 2070 spitio
313 2018 518 2070 receptus
550 2029 597 2058 se
628 2016 808 2069 lepreso
841 2016 977 2057 socia-

148 2074 276 2123 verit;
308 2078 352 2115 et
386 2073 708 2115 ecclesiasticas
741 2071 977 2124 dignitates

149 2141 174 2169 a
200 2128 339 2170 Paulo
374 2129 526 2181 quinto
562 2128 646 2171 sibi
673 2128 847 2170 oblatas
875 2141 975 2170 con-

148 2184 414 2226 stantissime
442 2185 720 2226 recusaverit.
758 2184 978 2226 Illibatam

147 2242 362 2293 perpetuo
382 2241 575 2282 servavit
592 2241 897 2292 virginitatem,
921 2240 978 2281 ef—

148 2296 405 2347 frontesque
427 2295 632 2337 mulieres
657 2297 749 2348 ejus
775 2296 977 2337 castimo-

148 2352 232 2393 niae
263 2351 520 2393 insidiantes
549 2351 724 2394 Christo
751 2351 978 2393 lucrifecit.
1043 2366 1045 2368 ·

148 2408 265 2459 Erga
318 2407 635 2449 divinissimum
687 2407 979 2449 Eucharistiae

149 2463 406 2516 mysterium
425 2462 595 2504 ardenti
612 2465 803 2505 aestuans
818 2465 979 2513 amore,

150 2525 305 2561 noctes
338 2532 453 2572 pene
486 2521 677 2569 integras
709 2519 754 2560 in
786 2520 878 2571 ejus
906 2518 979 2560 ad-

152 2576 350 2617 oratione
377 2576 599 2616 insomnes
627 2574 831 2616 ducebat:
860 2574 994 2626 quod

151 2632 273 2684 pium
291 2631 558 2680 exercitium,
580 2631 714 2671 veluti
733 2630 799 2671 sui
815 2630 980 2672 Ordinis

151 2688 381 2737 tesseram,
414 2687 459 2727 in
485 2700 538 2728 eo
562 2689 780 2739 perpetuo
806 2688 978 2727 servan-

1029 269 1134 311 dum
1159 271 1397 312 constituit.
1433 271 1641 323 Deiparae
1664 270 1859 322 Virginis

1029 326 1194 368 cultum
1230 326 1429 379 impense
1460 327 1581 369 fovit.
1626 328 1676 368 In
1714 327 1859 379 proxi-

1027 395 1148 423 mum
1168 383 1327 423 eximia
1346 383 1509 425 exarsit
1529 384 1724 425 caritate.
1755 383 1860 425 Pro-

1028 439 1192 492 phetiae
1221 439 1356 489 dono,
1390 444 1434 480 et
1466 440 1666 481 cerdium
1699 445 1860 481 scruta-

1027 496 1148 538 tione
1168 495 1332 538 ditatus
1350 496 1440 538 fuit.
1468 495 1861 547 Quadragesimum

1030 557 1234 604 quartum
1256 552 1401 593 aetatis
1426 565 1517 593 suae
1537 565 1697 593 annum
1716 565 1860 604 agens,

1029 607 1134 650 dum
1170 609 1213 648 in
1251 621 1375 650 sacra
1407 608 1654 650 Lauretana
1689 609 1785 650 aede
1816 609 1860 649 in

1029 665 1227 706 oratione
1237 667 1507 717 persisteret,
1523 664 1605 706 sibi
1615 665 1717 706 vitae
1728 664 1861 706 finem

1027 721 1253 762 imminere
1273 721 1491 772 cognevit.
1520 721 1756 773 Apri'itium
1776 726 1859 762 sta-

1028 777 1106 818 tim
1132 777 1326 827 deflexit,
1353 782 1397 818 et
1422 778 1466 818 in
1491 777 1658 829 oppido
1686 778 1862 828 AgnOni

1030 832 1147 885 apud
1171 833 1372 875 alumnos
1399 835 1537 875 sancti
1564 833 1759 886 Philippi
1776 833 1860 874 Ne—

1028 889 1080 930 rii
1107 889 1258 931 lethali
1286 890 1407 931 febre
1437 892 1684 942 correptus,
1719 902 1860 930 sacra-

1028 946 1186 987 mentis
1215 946 1426 987 Ecclesiae
1456 946 1740 988 devotissime
1769 959 1860 986 sus-

1029 1003 1187 1055 ceptis,
1229 1002 1372 1055 pridie
1408 1003 1562 1044 Nonas
1599 1003 1716 1043 Junii
1760 1003 1861 1043 anni

1028 1058 1246 1100 millesimi
1279 1059 1587 1101 sexcentesimi
1617 1059 1781 1109 octavi,
1818 1059 1861 1099 in

1029 1115 1259 1167 pervigilio
1303 1115 1402 1157 festi
1444 1116 1653 1168 Cerporis
1690 1115 1861 1163 Christi,

1028 1171 1325 1224 placidissime
1351 1172 1621 1214 obdormivit
1644 1172 1687 1212 in
1712 1172 1859 1213 Domi-

1029 1241 1098 1269 no.
1131 1229 1311 1269 Sacrum
1332 1229 1424 1280 ejus
1444 1241 1607 1281 corpus
1626 1227 1862 1280 Neapolim

1030 1283 1239 1334 delatum,
1258 1285 1302 1325 in
1322 1285 1508 1326 ecclesia
1526 1290 1691 1326 sanctae
1711 1284 1861 1324 Mariae

1029 1341 1224 1392 Majeris,
1252 1340 1327 1382 ubi
1355 1341 1496 1394 prima
1523 1341 1589 1382 sui
1615 1339 1780 1381 erdinis
1806 1341 1860 1391 je-

1030 1402 1151 1438 cerat
1170 1396 1468 1447 fundamenta,
1495 1397 1737 1438 honorifice
1762 1398 1861 1437 con-

1030 1452 1171 1495 ditum
1193 1453 1285 1494 fuit.
1323 1454 1436 1494 Eum
1459 1456 1616 1506 postea
1640 1452 1861 1493 miraculis

1030 1509 1195 1557 clarum
1233 1510 1435 1551 Clemens
1481 1509 1861 1561 decimusquartus

1029 1565 1234 1607 Pentifex
1252 1567 1468 1607 Maximus
1493 1566 1677 1608 solemni
1696 1565 1783 1606 ritu
1801 1565 1860 1605 in-

1029 1626 1097 1662 ter
1106 1621 1278 1673 beatos;
1294 1623 1397 1664 Pius
1407 1636 1513 1664 vero
1525 1623 1738 1675 septimus
1749 1622 1860 1662 Pen-

1030 1677 1139 1719 tifex
1156 1678 1374 1719 Maximus
1398 1679 1523 1720 novis
1546 1678 1784 1729 fulgentem
1809 1676 1860 1717 si-

1029 1734 1140 1785 gnis,
1169 1747 1283 1776 anno
1303 1734 1535 1776 millesimo
1556 1733 1861 1784 octingentesi-

1028 1802 1102 1831 mo
1132 1791 1340 1843 septimo,
1373 1793 1626 1832 sanctorum
1658 1789 1760 1831 albo
1789 1788 1860 1829 ad-

1030 1847 1216 1899 scripsit.

1083 1909 1134 1959 R.
1161 1908 1252 1949 Iste
1271 1907 1416 1948 homo.
1436 1907 1517 1959 [72]

1082 1973 1125 2006 In
1148 1973 1210 2006 ΠΙ.
1233 1972 1432 2006 Nocturno
1458 1973 1629 2005 Homilia
1656 1972 1693 2005 in
1715 1971 1860 2013 Evang.

1033 2019 1116 2054 Sint
1131 2019 1263 2054 lumbi.
1284 2021 1331 2054 de
1354 2022 1490 2055 eodem
1507 2021 1611 2055 Com.
1632 2021 1658 2054 1.
1676 2021 1774 2054 loco.
1793 2017 1861 2060 [74]

1082 2073 1199 2115 Vesp.
1232 2084 1253 2106 a
1278 2074 1402 2116 Capit.
1433 2074 1479 2107 dc
1511 2084 1616 2116 sequ.
1646 2083 1732 2107 cum
1761 2082 1860 2106 com-

1029 2130 1185 2154 memor.
1210 2122 1374 2163 praeccd.

1302 2218 1386 2259 Die
1405 2218 1443 2259 5.
1462 2218 1487 2259 J
1489 2217 1588 2259 unii.

1109 2282 1151 2322 S.
1170 2281 1417 2322 Bonifacii
1436 2283 1579 2334 Episc.
1600 2288 1643 2323 et
1662 2282 1785 2323 Mart.

1362 2347 1527 2391 DupleX.

1084 2410 1221 2443 Omnia
1267 2409 1313 2443 de
1354 2409 1557 2443 Communi
1599 2409 1714 2443 unius
1751 2408 1858 2442 Mart.

1033 2455 1101 2499 [21]
1125 2462 1266 2501 praeter
1290 2467 1395 2500 sequ.

1119 2588 1212 2625 eus,
1242 2577 1316 2628 qui
1334 2517 1658 2619 mgffiiffdinem
1675 2574 1860 2628 popule-

1134 2644 1231 2673 rum
1262 2632 1382 2675 beati
1412 2632 1629 2674 Bonifacii
1656 2629 1860 2681 Martyris

1032 2688 1096 2728 tui
1120 2692 1253 2739 atque
1272 2689 1498 2730 Pontificis
1520 2687 1635 2737 zelo,
1661 2685 1718 2728 ad
1745 2685 1859 2736 agni-
