2040 2976
192 184 272 219 300

417 289 465 326 In
484 288 534 326 ΙΙ.
554 288 777 327 Nocturno.

491 344 641 385 Lectio
662 345 714 383 iv.

200 419 202 421 -
232 397 440 444 ,
469 405 494 433 a
513 393 687 435 nomine
711 408 798 447 quo
819 397 1021 438 Pontifex

197 472 202 492 τ
233 446 295 501 ζ’-εξί
318 453 385 490 est
400 449 660 501 appellatus,
678 451 942 494 Coelestinus
959 452 1020 494 di-

196 503 199 507 ’
230 498 289 519 ¹²¹²
317 509 428 555 ctus,
472 505 667 548 honestis
705 508 1020 561 catholicisque

189 560 445 611 parentibus
482 562 700 604 AEserniae
742 564 786 604 in
822 565 1020 606 Samniti-

188 615 271 656 bus
299 622 443 666 natus,
481 617 826 661 adolescentiam
854 621 927 662 vix
959 621 1020 662 in-

187 674 383 721 gressus,
412 678 459 715 ut
486 674 678 715 animum
704 688 730 716 a
754 677 905 718 mundi
931 677 1018 718 ille-

189 727 332 769 cebris
365 729 623 779 custodiret,
660 731 703 772 in
736 732 1019 774 solitudinem

189 785 382 826 secessit.
461 785 529 827 Ibi
573 788 1019 840 contemplationibus

187 846 379 882 mentem
402 842 615 892 nutriens,
640 856 803 896 corpus
823 845 866 884 in
886 845 1018 887 servi-

187 899 326 938 tutem
355 897 576 948 redigens,
605 899 791 941 ferream
819 903 1019 942 catenam

187 951 244 994 ad
263 953 425 994 nudam
442 967 617 995 carnem
632 955 880 998 adhibebat.
909 957 1018 998 Con-

186 1010 504 1060 gregationem,
526 1023 624 1063 quae
643 1013 802 1063 postea
822 1013 1018 1055 Coelesti-

186 1067 343 1106 norum
362 1065 479 1107 dicta
498 1071 580 1116 est,
610 1067 691 1109 sub
711 1069 863 1118 regula
881 1070 1020 1111 sancti

187 1121 417 1163 Benedicti
434 1123 631 1164 instituit.
667 1123 783 1165 Hinc
808 1126 933 1177 quasi
957 1125 1019 1166 lu-

186 1178 317 1218 cerna
349 1190 483 1231 supra
516 1178 831 1221 candelabrum
862 1181 1019 1234 posita,

186 1245 286 1273 cum
313 1234 526 1275 abscendi
551 1237 768 1287 nequiret,
802 1237 1018 1287 (Romana

186 1288 385 1331 Ecclesia
418 1290 493 1332 diu
526 1290 706 1332 viduata
741 1294 936 1345 pastore)
975 1294 1018 1334 in

185 1345 305 1387 Petri
340 1345 595 1388 cathedram
627 1347 835 1398 ignorans
869 1355 912 1392 et
945 1350 1017 1392 ab·

186 1414 286 1442 sens
312 1405 490 1454 ascitus,
523 1418 682 1456 magna
710 1406 919 1448 novitatis
944 1408 1016 1449 ad-

185 1458 416 1501 miratione
439 1473 527 1501 non
551 1461 695 1503 minus
716 1475 847 1514 quam
866 1476 1016 1516 repen-

184 1517 278 1556 tino
306 1516 469 1566 gaudio
499 1523 682 1559 cunctos
711 1518 865 1561 affecit.
908 1521 1018 1562 Cum

185 1576 331 1612 autem
360 1573 403 1613 in
432 1574 718 1625 pontificatus
751 1575 1017 1619 sublimitate

185 1627 443 1679 collocatus,
478 1630 610 1670 variis
645 1629 862 1673 distentus
890 1634 1017 1685 curis,

184 1685 371 1726 assuetis
389 1685 643 1728 incumbere
659 1687 1017 1731 meditationibus

187 1740 259 1781 vix
279 1753 414 1793 posse
434 1744 739 1793 cognosceret,
765 1745 886 1785 oneri
904 1747 1017 1797 pari-

183 1801 251 1838 ter
271 1802 314 1838 et
335 1798 490 1839 honeri
509 1798 756 1841 voluntarie
775 1802 917 1843 cessit.
948 1803 1015 1843 In-

185 1852 328 1905 deque
356 1855 547 1906 priscam
575 1855 678 1896 vitae
711 1857 925 1899 rationem
953 1861 1014 1900 re-

183 1914 355 1961 petens,
408 1910 679 1953 obdormivit
723 1912 767 1952 in
812 1913 1016 1965 Domino,

183 1966 364 2018 ejusque
406 1967 647 2019 pretiosam
683 1974 871 2011 mortem
908 1983 1016 2012 crux

183 2022 449 2074 praefulgens
484 2024 527 2064 in
560 2026 661 2066 aere
694 2030 795 2067 ante
828 2026 1017 2069 cubiculi

184 2079 343 2119 estium
360 2080 553 2122 reddidit
567 2081 755 2134 amplius
768 2082 1016 2133 gloriesam.

182 2134 404 2176 Miraculis
423 2137 570 2178 multis
590 2143 680 2179 tam
699 2138 862 2189 vivens,
885 2153 1016 2192 quam

182 2196 286 2242 post
323 2191 490 2233 ebitum
528 2186 699 2244 cla'ruit;
738 2195 898 2247 quibus
932 2197 1016 2239 rite

183 2247 453 2298 examinatis,
479 2249 680 2291 Clemens
703 2252 880 2303 quintus
899 2265 1015 2294 anno

182 2308 420 2355 postquam
440 2303 631 2347 decessit
649 2307 900 2359 undecimo,
921 2322 1015 2350 san-

182 2361 352 2400 ctorum
371 2363 555 2402 numero
575 2361 820 2415 adscripsit.

234 2416 284 2467 R.
312 2416 465 2457 Inveni
487 2418 635 2459 David
658 2431 834 2461 servum
856 2433 1015 2472 meum,

183 2471 283 2513 eleo
331 2478 484 2515 saneto
532 2487 632 2515 meo
680 2476 786 2516 unxi
831 2489 945 2518 eum:
989 2475 1011 2500 *

182 2527 338 2569 Manus
376 2529 492 2570 enim
524 2543 622 2571 mea
655 2531 935 2574 auxiliabitur
963 2533 1014 2574 ei.

180 2579 232 2630 V.
266 2583 388 2626 Nihil
415 2586 620 2638 proficiet
647 2587 849 2629 inimicus
875 2589 918 2629 in
949 2601 1014 2639 eo,

182 2645 226 2682 et
267 2642 382 2682 filius
426 2642 667 2694 iniquitatis
708 2656 797 2685 non
838 2645 1014 2687 nocebit

182 2697 231 2738 ei.
260 2698 425 2738 Manus.

535 193 604 226 Dic
633 194 680 226 15».
708 194 807 232 Maii.
855 194 889 227 S.
911 194 1013 228 Petri
1039 196 1239 229 Coelestini
1270 196 1386 239 I'apze
1410 203 1446 231 et
1471 198 1579 232 Conf.

1077 290 1142 329 Ex
1161 286 1274 329 libro
1291 288 1524 330 Moralium
1543 291 1683 332 sancti
1704 291 1907 342 Gregorii

1416 345 1563 398 Papae.

1163 411 1244 444 Lib.
1266 410 1320 444 lo,
1339 421 1421 454 cap.
1443 412 1490 445 113.
1510 412 1547 445 in
1567 423 1649 455 cap.
1668 413 1717 447 12.
1735 413 1821 448 Job.

1382 475 1535 518 Lectio
1555 491 1592 517 v,

1161 537 1355 579 eridetur
1379 539 1479 590 justi
1506 539 1774 592 simplicitas.
1791 594 1794 598 Ι
1814 542 1904 583 Hu-

1177 595 1242 645 jus
1274 594 1426 636 mundi
1458 595 1674 648 sapientia
1706 601 1789 647 est,
1827 611 1905 640 cor

1072 650 1469 692 machinatic'mibus
1509 653 1675 703 tegere,
1725 666 1903 696 sensum

1073 705 1219 747 verbis
1235 706 1398 757 velare;
1421 720 1520 759 quae
1538 707 1650 749 falsa
1669 714 1782 759 sunt,
1799 722 1903 752 vera

1073 761 1323 813 ostendere3
1362 776 1461 815 quae
1497 776 1603 805 vera
1639 770 1757 816 sunt,
1795 765 1904 807 falsa

1072 817 1386 860 demonstrare.
1431 820 1542 861 Haec
1573 820 1777 862 nimirum
1802 835 1903 875 pru-

1073 874 1222 916 dentia
1241 888 1323 916 usu
1343 888 1368 916 a
1385 875 1616 927 juvenibus
1635 877 1787 928 scitur,
1807 878 1904 920 haec

1072 943 1097 971 a
1122 931 1272 983 pueris
1297 932 1442 984 pretio
1470 931 1669 983 discitur;
1696 933 1810 976 hanc
1829 935 1904 986 qui

1072 987 1232 1037 sciunt,
1251 989 1425 1030 ceteros
1446 987 1733 1042 despiciendo
1753 993 1903 1044 super-

1071 1042 1210 1085 biunt:
1235 1043 1349 1086 hanc
1376 1045 1450 1096 qui
1475 1045 1691 1095 nesciunt,
1719 1045 1904 1098 subjecti

1073 1103 1117 1140 et
1133 1098 1277 1142 timidi
1295 1100 1339 1141 in
1358 1099 1454 1141 aliis
1472 1100 1702 1143 mirantur:
1727 1101 1829 1154 quia
1847 1102 1903 1144 ab

1072 1155 1143 1196 eis·
1159 1154 1258 1196 haec
1281 1154 1437 1197 eadem
1456 1155 1730 1209 duplicitatis
1748 1158 1903 1211 iniqui-

1071 1217 1138 1252 tas
1164 1211 1340 1254 n6mine
1365 1212 1546 1265 palliata
1565 1212 1774 1264 diligitur,
1799 1214 1903 1256 dum

1071 1267 1229 1308 mentis
1248 1268 1516 1320 perversitas
1534 1268 1760 1312 urbanitas
1775 1272 1904 1312 voca-

1070 1327 1152 1365 tur.
1185 1323 1298 1366 Haec
1323 1324 1408 1365 sibi
1427 1324 1774 1377 obsequentibus
1793 1329 1904 1379 prae-

1072 1379 1179 1432 cipit
1214 1379 1432 1421 honorum
1469 1380 1659 1422 culmina
1694 1384 1903 1434 quaerere,

1071 1435 1233 1488 adepta
1256 1436 1514 1489 temporalis
1537 1437 1691 1488 gloriae
1710 1438 1904 1481 vanitate

1070 1492 1281 1543 gaudere,
1326 1493 1519 1543 irrogata
1560 1493 1615 1535 ab
1658 1493 1754 1535 aliis
1789 1494 1904 1536 mala

1070 1548 1355 1601 multiplicius
1397 1549 1599 1591 reddere:
1645 1563 1745 1591 cum
1787 1551 1903 1593 vires

1071 1607 1330 1657 suppetunt,
1357 1605 1487 1646 nullis
1511 1606 1818 1648 resistentibus
1837 1609 1903 1649 ce-

1071 1659 1190 1702 dere:
1216 1673 1316 1702 cum
1339 1661 1512 1702 virtatis
1535 1661 1807 1714 possibilitas
1831 1663 1903 1706 de-

1071 1721 1148 1766 est,
1169 1716 1385 1769 quidquid
1404 1713 1583 1770 explere
1596 1731 1677 1771 per
1691 1719 1903 1760 malitiam

1069 1785 1157 1813 non
1171 1773 1329 1823 valent,
1347 1772 1434 1815 hoc
1448 1774 1492 1814 in
1506 1774 1692 1826 pacifica
1704 1774 1903 1818 bonitate

1070 1829 1287 1871 simulare.

1122 1898 1172 1949 R.
1204 1894 1340 1935 Posui
1369 1894 1636 1947 adjutorium
1664 1908 1798 1948 super
1824 1909 1901 1948 po-

1068 1952 1254 2000 tentem,
1297 1955 1342 1992 et
1385 1950 1578 1992 exaltavi
1618 1951 1807 1993 electum
1845 1952 1901 1995 de

1068 2006 1200 2059 plebe
1239 2019 1356 2049 mea:
1397 2011 1419 2035 *
1458 2007 1615 2048 Manus
1652 2009 1767 2049 enim
1802 2022 1900 2051 mea

1069 2062 1352 2104 auxiliabitur
1392 2063 1443 2105 ei.
1482 2061 1535 2114 V.
1560 2065 1713 2106 Inveni
1754 2065 1900 2107 David

1069 2131 1245 2160 servum
1277 2132 1439 2169 meum,
1474 2120 1574 2161 oleo
1610 2126 1766 2163 sancto
1798 2134 1899 2164 meo

1068 2175 1170 2216 unxi
1194 2187 1305 2217 eum.
1339 2175 1506 2217 Manus.

1370 2245 1523 2287 Lectio
1543 2246 1596 2287 vi.

1069 2305 1161 2411 A
1182 2314 1346 2359 contra,
1358 2310 1572 2363 sapientia
1587 2312 1799 2363 justorum
1814 2318 1895 2355 est:

1171 2365 1231 2406 nil
1266 2378 1347 2418 per
1383 2367 1680 2409 ostensi6nem
1716 2368 1898 2419 fingere,

1067 2434 1245 2463 sensum
1282 2422 1430 2464 verbis
1467 2426 1656 2476 aperire,
1710 2437 1814 2466 vera
1849 2430 1898 2467 ut

1068 2483 1168 2519 sunt
1187 2477 1386 2529 diligere,
1411 2479 1522 2521 falsa
1541 2480 1754 2531 devitare,
1779 2480 1897 2522 bona

1066 2535 1201 2584 gratis
1221 2534 1446 2586 exhibere,
1472 2536 1587 2577 mala
1605 2536 1812 2578 libentius
1831 2542 1896 2579 to-

1066 2590 1207 2632 lerare
1228 2603 1359 2643 quam
1375 2592 1534 2643 facere;
1551 2592 1714 2634 nullam
1728 2593 1896 2644 injuriae

1066 2646 1275 2688 ultienem
1322 2650 1537 2699 quaerere,
1581 2661 1665 2702 pro
1710 2649 1896 2691 veritate

1066 2703 1376 2745 contumeliam
1403 2705 1572 2746 lucrum
1598 2707 1768 2757 putare.
1807 2706 1896 2748 Sed
