2040 2976
551 179 622 214 Die
646 180 698 214 21.
724 180 841 214 Junii.
888 180 923 215 S.
947 180 1091 215 Aloisii
1117 181 1314 223 Gonzagzae
1339 185 1447 219 Conf.

446 274 597 315 Lectio
617 275 671 314 iii.

227 337 484 379 uamobrem
520 338 631 380 irata
663 338 818 380 mulier
850 350 967 379 man-

233 392 310 435 dat
324 394 542 436 Belisario
560 399 609 436 ut
624 394 855 436 Silverium
873 394 968 435 mit-

137 453 203 491 tat
228 449 272 490 in
301 450 514 491 exsilium.
564 450 649 500 Qui
677 450 895 492 exsulavit
923 450 968 490 in

137 505 280 547 insula
293 506 461 556 Pontia,
479 505 597 548 unde
615 506 683 547 his
699 505 846 548 verbis
866 506 967 546 scri-

137 563 280 614 psisse
299 562 437 604 fertur
457 562 513 604 ad
528 563 785 604 Amatorem
800 564 966 614 episco-

136 631 256 670 pum:
284 618 516 660 Sustentor
538 631 654 672 pane
671 618 967 660 tribulationis

137 678 181 715 et
213 686 328 726 aqua
361 675 590 725 angustiae3
622 687 703 716 nec
729 679 877 716 tamen
906 674 966 715 di-

135 730 249 780 misi,
281 735 356 772 aut
388 730 562 772 dimitto
589 730 781 772 officium
809 742 966 771 meum.

136 786 193 827 Et
225 798 346 836 sane,
377 786 502 828 brevi
532 786 825 828 incommodis
857 798 965 827 aeru-

136 843 338 893 mnisque
362 842 604 892 confectus,
628 841 898 884 obdormivit
922 842 965 883 in

136 897 340 948 Domino,
362 897 626 940 duodecimo
646 898 873 940 Kalendas
892 899 917 939 J
919 902 964 940 1⁷1-

136 953 196 1004 lii3
218 955 339 1006 cujus
365 967 526 1007 corpus
546 955 736 996 Romam
759 954 964 1004 delatum,

136 1013 180 1050 et
197 1009 242 1050 in
260 1009 451 1051 Basilica
465 1010 683 1052 Vaticana
703 1010 964 1063 depositum,

134 1065 282 1107 multis
317 1066 538 1107 miraculis
574 1067 839 1108 illustratum
874 1067 964 1108 fuit.

134 1121 315 1163 Praefuit
350 1122 565 1164 Ecclesiae
607 1136 745 1164 annos
786 1128 877 1164 tres
921 1128 965 1165 et

135 1177 338 1231 amplius,
366 1178 526 1219 creatis
554 1192 704 1221 mense
729 1179 965 1221 Decembri

133 1233 405 1286 presbyteris
455 1234 710 1285 tresdecim,
764 1235 963 1277 diaconis

135 1289 343 1342 quinque,
371 1291 592 1343 episcopis
611 1304 691 1344 per
709 1291 884 1333 diversa
901 1291 962 1333 lo-

135 1357 186 1386 ca
206 1345 360 1387 decem
383 1351 427 1388 et
446 1359 618 1388 novem.

189 1406 252 1447 Te
269 1406 414 1448 Deum
431 1407 674 1449 laudamus.
703 1409 761 1449 13.

188 1473 260 1514 Ad
275 1473 410 1515 Laud.
435 1477 535 1518 Ant.
560 1478 641 1527 Qui
661 1477 756 1519 odit
775 1477 963 1518 animam

134 1545 258 1573 suam
284 1532 327 1573 in
355 1531 441 1574 hoc
468 1533 650 1583 mundo,
678 1534 722 1574 in
747 1533 882 1575 vitam
907 1547 962 1574 ae-

133 1590 303 1630 ternam
321 1588 516 1631 custodit
536 1603 643 1631 eam.

186 1641 236 1693 Ys-
284 1649 434 1691 Justus
485 1654 533 1691 ut
582 1650 729 1703 palma
776 1650 962 1692 florebit.

134 1702 186 1754 Rz.
219 1705 341 1747 Sicut
377 1706 536 1747 cedrus
565 1707 722 1748 Libani
757 1706 961 1758 multipli-

132 1760 313 1802 cabitur.

395 1872 480 1914 Die
498 1873 557 1913 21.
576 1874 602 1914 J
602 1874 703 1914 unii.

224 1943 266 1984 S.
285 1943 463 1986 Aloisii
482 1945 730 1996 Gonzagae
754 1944 875 1985 Conf.

465 2009 629 2054 Duplex.

188 2066 325 2102 Omnia
358 2069 404 2103 de
436 2070 580 2106 Comm.
611 2072 719 2107 Conf.
750 2084 827 2108 non
852 2074 961 2108 Pont.

131 2114 201 2158 [67]
233 2119 375 2158 praeter
397 2127 503 2162 sequ.

470 2179 635 2221 Oratio.

211 2236 432 2278 celestium
458 2236 680 2281 donorum>
700 2238 961 2280 distributor

227 2292 367 2342 Deus,
404 2293 479 2345 qui
506 2293 549 2334 in
577 2294 776 2345 angelico
805 2296 961 2346 juvene

131 2347 305 2389 Aloisio
341 2348 498 2390 miram
530 2349 634 2391 vitae
665 2350 961 2391 innocentiam

131 2404 228 2456 pari
252 2416 352 2445 cum
373 2405 634 2458 poenitentia
651 2406 846 2447 sociasti:
870 2406 960 2458 ejus

131 2460 298 2501 meritis
317 2465 362 2502 et
380 2461 586 2513 precibus
606 2461 815 2512 concede;
834 2466 884 2502 ut
901 2462 960 2502 in-

132 2517 366 2557 nocentem
384 2530 473 2559 non
492 2518 648 2567 secuti,
672 2518 962 2570 poenitentem

131 2571 362 2613 imitemur.
388 2573 474 2614 Per
491 2573 741 2613 Dominum.

186 2638 231 2672 In
259 2639 287 2673 I.
316 2640 516 2675 Nocturno
546 2641 750 2676 Lectiones
784 2643 831 2677 de
863 2643 962 2678 Scri—

134 2689 249 2728 ptura
273 2692 507 2723 occurrente.

1255 279 1305 318 In
1329 280 1380 319 II.
1405 281 1628 322 Nocturno.

1329 349 1481 390 Lectio
1502 351 1554 391 iv.

1026 411 1093 455 δὲ
1102 411 1161 445 Ξ
1169 405 1339 455 loisius,
1376 406 1644 448 Ferdinandi
1681 407 1850 456 Gonza-

1029 456 1158 531 lstlQ
1187 475 1255 512 gae
1277 462 1554 503 Castellionis
1581 463 1851 505 Stiverorum

1039 514 1163 542 ss'sssffssf‘ss*
1187 517 1454 559 marchionis
1479 519 1612 569 filius,
1642 520 1849 562 festinato

1019 579 1203 628 propter
1222 574 1325 616 vitae
1349 574 1594 626 periculum
1617 575 1850 628 baptismo,

1019 632 1142 684 prius
1162 630 1277 672 coelo
1296 643 1427 682 quam
1442 631 1571 672 terris
1585 632 1706 673 nasci
1720 632 1849 681 visus,

1018 688 1206 740 primam
1221 687 1340 727 illam
1354 687 1542 737 gratiam
1555 692 1646 728 tam
1658 691 1851 730 constan-

1019 749 1087 785 ter
1115 743 1309 791 retinuit,
1338 748 1386 784 ut
1412 743 1456 783 in
1486 756 1537 784 ea
1565 744 1849 786 confirmatus

1020 798 1282 841 crederetur.
1319 799 1360 839 A
1383 799 1526 851 primo
1551 800 1732 841 rationis
1758 814 1849 851 usu,

1020 868 1108 907 quo
1138 868 1185 897 se
1209 855 1307 896 Deo
1337 855 1484 897 statim
1511 855 1686 905 obtulit,
1715 856 1849 897 vitam

1020 910 1144 953 duxit
1160 911 1357 964 quotidie
1378 911 1654 952 sanctiorem.
1676 911 1849 954 Noven-

1018 968 1086 1008 nis
1121 967 1358 1009 Florentiae
1401 972 1502 1009 ante
1544 980 1665 1009 aram
1706 967 1849 1009 beetae

1018 1023 1228 1075 Virginis,
1254 1036 1386 1076 quam
1403 1024 1600 1076 parentis
1619 1024 1719 1065 loco
1740 1037 1848 1066 sem-

1017 1092 1098 1132 per
1128 1079 1299 1127 habuit,
1337 1082 1598 1133 perpetuam
1630 1080 1849 1131 virginita-

1016 1140 1107 1177 tem
1125 1136 1264 1177 vovit:
1285 1138 1483 1188 eamque,
1502 1136 1659 1187 insigni
1674 1137 1758 1177 Dei
1778 1136 1849 1178 be-

1016 1192 1193 1242 neficio,
1220 1192 1339 1233 nulla
1362 1193 1524 1234 mentis
1548 1198 1623 1234 aut
1647 1194 1848 1245 corporis

1015 1261 1163 1300 pugna
1181 1250 1397 1290 tentatam
1417 1249 1620 1290 servavit.
1640 1249 1849 1301 Reliquas

1016 1305 1148 1344 animi
1172 1305 1530 1357 perturbationes
1558 1305 1694 1357 coepit
1719 1307 1849 1346 aetate

1015 1360 1089 1401 illa
1107 1365 1197 1401 tam
1215 1361 1388 1402 fortiter
1408 1363 1709 1414 comprimere,
1728 1366 1777 1402 ut
1795 1374 1849 1402 ne

1015 1416 1158 1468 primo
1180 1416 1359 1469 quidem
1380 1419 1530 1458 earum
1549 1422 1672 1459 motu
1691 1417 1849 1458 deinde

1014 1472 1279 1514 incitaretur.
1320 1473 1483 1515 Sensus
1517 1474 1662 1523 etiam,
1697 1474 1849 1515 oculos

1014 1531 1252 1582 praecipue,
1276 1530 1337 1571 ita
1358 1529 1565 1579 cohibuit,
1585 1535 1633 1571 ut
1651 1542 1741 1571 non
1760 1543 1848 1570 mo-

1015 1584 1074 1626 do
1094 1585 1193 1626 illos
1213 1598 1453 1638 numquam
1472 1586 1517 1626 in
1538 1586 1695 1627 faciem
1713 1586 1848 1627 inten-

1016 1640 1129 1682 derit
1148 1642 1300 1683 Mariae
1320 1643 1584 1692 Austriacae,
1605 1655 1737 1694 quam
1756 1642 1849 1694 plu-

1015 1710 1085 1739 res
1112 1711 1249 1739 annos
1274 1699 1387 1739 inter
1411 1698 1671 1740 honorarios
1690 1699 1847 1751 Hispa-

1014 1753 1184 1795 niarum
1198 1755 1409 1807 principis
1426 1754 1622 1807 ephebos
1638 1755 1729 1796 fere
1743 1767 1847 1806 quo-

1014 1808 1122 1851 tidie
1142 1810 1363 1861 salutavit3
1391 1811 1471 1852 sed
1496 1824 1521 1851 a
1545 1811 1697 1852 matris
1717 1811 1848 1852 etiam

1013 1866 1137 1907 vultu
1165 1867 1424 1908 contineret:
1450 1866 1583 1908 homo
1610 1869 1847 1919 propterea

1015 1922 1108 1963 sine
1137 1935 1283 1972 carne,
1318 1929 1393 1964 aut
1423 1923 1619 1974 Angelus
1646 1923 1691 1963 in
1719 1936 1848 1964 carne

1014 1979 1171 2020 merito
1192 1979 1454 2031 appellatus.

1073 2045 1123 2096 R.
1143 2044 1394 2085 Honestum
1419 2043 1523 2084 fecit
1550 2043 1673 2084 illum
1698 2044 1846 2084 Domi-

1014 2111 1107 2148 nus,
1134 2104 1178 2141 et
1197 2099 1436 2141 custodivit
1456 2112 1557 2141 eum
1577 2099 1631 2140 ab
1651 2099 1847 2149 inimicis,

1015 2159 1058 2195 et
1086 2168 1112 2196 a
1140 2154 1449 2197 seductoribus
1477 2155 1638 2197 tutavit
1666 2155 1802 2196 illum:
1828 2160 1850 2184 *

1013 2210 1071 2251 Et
1103 2210 1226 2253 dedit
1257 2212 1320 2252 illi
1353 2212 1598 2253 claritatem
1625 2213 1845 2253 aeternam.

1020 2261 1071 2313 V.
1098 2267 1271 2309 Justum
1304 2267 1488 2310 deduxit
1519 2268 1735 2309 Dominus
1767 2281 1846 2320 per

1014 2323 1107 2363 vias
1126 2329 1285 2373 rectas,
1311 2329 1354 2365 et
1372 2323 1566 2365 ostendit
1584 2324 1647 2364 illi
1665 2336 1847 2375 regnum

1013 2378 1108 2419 Dei.
1135 2379 1193 2420 Et
1213 2379 1345 2421 dedit.

1329 2453 1482 2494 Lectio
1504 2468 1539 2494 V.

1093 2511 1224 2562 djecit
1261 2514 1467 2554 sensuum
1505 2512 1719 2555 custodiae
1751 2514 1844 2553 cor-

1116 2568 1238 2619 poris
1258 2569 1511 2610 cruciatum.
1541 2569 1645 2609 Tria
1664 2567 1844 2618 singulis

1012 2622 1304 2665 hebdomadis
1319 2625 1486 2676 jejunia,
1504 2626 1643 2676 eaque
1655 2623 1842 2676 plerum-

1014 2690 1099 2730 que
1126 2679 1303 2720 modico
1330 2692 1445 2732 pane
1473 2684 1517 2722 et
1546 2692 1660 2731 aqua
1687 2677 1842 2719 tolera-
