2040 2976
564 207 636 240 Dic
659 206 711 240 127.
738 208 835 249 Aug.
882 206 917 240 S.
941 206 1107 249 Josephi
1133 205 1370 240 Calasanctii
1395 205 1503 240 Conf.

413 305 464 344 In
481 305 533 344 II.
551 305 587 343 N
590 305 777 344 octurno.

481 369 634 410 Lectio
656 369 709 409 iv.

184 446 214 477 3„
249 425 479 478 osephus
501 426 802 468 Calasanctius
822 440 847 468 a
867 427 1006 469 Matre

179 477 215 539 ξῖ,
245 474 270 530 3
301 483 394 531 Dei,
412 482 620 524 Petraltae
637 483 678 523 in
696 483 918 535 Aragonia
933 487 1007 525 no-

184 539 186 543 ”
238 532 282 558 ''⁷⁸‘'
301 538 379 580 bili
412 541 572 589 genere
603 543 748 589 natus,
789 553 814 581 a
845 541 1007 581 teneris

176 596 299 636 annis
319 595 477 636 futurae
498 595 539 635 in
564 598 728 647 pueros
748 597 944 637 caritatis
964 602 1007 638 et

177 654 329 693 cerum
372 651 657 693 institutionis
698 651 859 693 indicia
897 655 1007 705 prae-

176 708 280 749 buit.
315 707 429 748 Nam
454 706 597 748 adhuc
618 708 830 760 parvulus
855 721 932 750 eos
951 709 1008 750 ad

178 777 224 805 se
246 766 517 805 convocatos
536 764 579 803 in
598 765 816 816 mysteriis
841 764 944 806 fidei
964 770 1008 806 et

177 821 312 862 sacris
338 819 544 873 precibus
570 820 809 862 erudiebat.
846 821 1006 862 Huma-

177 877 242 917 nis
270 876 516 928 divinisque
545 876 702 917 litteris
728 877 903 928 egregie
931 877 1006 918 do-

177 938 274 974 ctus
308 946 407 974 cum
441 932 596 974 studiis
629 932 890 984 theologicis
922 934 1007 975 Va-

176 989 323 1030 lentiae
352 991 533 1041 operam
563 988 706 1038 daret,
741 989 902 1031 nobilis
930 1003 1007 1042 po-

176 1048 397 1097 tentisque
429 1045 602 1086 feminae
635 1045 855 1100 illecebris
888 1046 1006 1088 forti-

177 1107 245 1143 ter
273 1101 506 1155 superatis,
534 1101 843 1152 virginitatem,
876 1115 1007 1154 quam

177 1158 275 1199 Deo
312 1159 511 1208 voverat,
555 1157 814 1199 inoffensam
850 1158 1007 1209 insigni

178 1214 360 1255 victoria
377 1214 580 1255 servavit.
601 1213 815 1255 Sacerdos
831 1227 886 1256 ex
900 1220 1007 1256 voto

178 1270 329 1319 factus,
355 1283 379 1310 a
399 1269 701 1322 compluribus
722 1271 946 1323 episcopis
964 1271 1007 1311 in

179 1326 382 1368 Castellae
408 1326 567 1376 Novae,
596 1327 832 1377 Arag6niae
860 1333 903 1369 et
929 1328 1006 1369 Ca-

177 1382 382 1424 talauniae
407 1383 553 1433 regnis
578 1383 621 1423 in
646 1388 819 1435 partem
842 1384 1008 1425 laboris

177 1441 354 1489 ascitus,
400 1439 778 1491 exspectatis'mem
816 1441 1009 1482 omnium

178 1496 292 1545 vicit,
311 1496 458 1548 pravis
476 1496 639 1548 ubique
653 1497 851 1539 moribus
867 1510 1008 1539 emen·

179 1551 304 1602 datis,
324 1553 624 1595 ecclesiastica
640 1552 872 1606 disciplina
884 1555 1007 1596 resti-

178 1612 283 1658 tuta,
303 1609 540 1650 inimicitiis
560 1612 841 1662 cruentisque
858 1611 1007 1652 factio-

178 1664 305 1706 nibus
324 1665 506 1706 mirifice
527 1666 764 1707 exstinctis.
796 1666 857 1708 At
881 1667 1007 1708 coele-

179 1721 233 1762 sti
257 1721 423 1763 visiane
449 1727 492 1763 et
515 1722 599 1764 Dei
623 1735 734 1763 voce
757 1723 1009 1774 frequenter

179 1777 441 1827 admonitus,
467 1779 657 1819 Romam
679 1779 906 1831 profectus
932 1785 1009 1821 est.

231 1849 279 1899 R.
309 1848 556 1888 Honestum
584 1847 687 1889 fecit
714 1847 837 1888 illum
859 1848 1007 1889 Demi-

178 1915 269 1952 nus,
297 1909 340 1945 et
359 1903 598 1945 custodivit
618 1916 717 1944 eum
737 1903 792 1945 ab
813 1904 1009 1955 inimicis,

180 1964 223 2000 et
254 1972 279 2000 a
310 1959 617 2001 seductoribus
642 1961 802 2002 tutavit
825 1960 959 2002 illum:
983 1968 1005 1990 *

179 2015 235 2056 Et
268 2015 388 2058 dedit
420 2016 481 2057 illi
515 2016 760 2059 claritatem
789 2019 1009 2059 aeternam.

179 2068 228 2117 V.
264 2072 435 2113 Justum
468 2072 649 2114 deduxit
681 2073 896 2115 Deminus
930 2087 1010 2127 per

181 2127 274 2168 vias
293 2133 446 2178 rectas,
472 2134 515 2170 et
535 2128 727 2171 ostendit
746 2129 808 2170 illi
827 2143 1009 2182 regnum

181 2183 273 2225 Dei.
303 2184 359 2225 Et
379 2183 511 2227 dedit.

488 2264 639 2305 Lectio
658 2281 695 2306 v.

146 2338 148 2340 ·
178 2322 256 2426 In
283 2325 404 2368 Urbe
433 2340 602 2370 summa
630 2330 731 2371 vitae
760 2332 1009 2384 asperitate,

245 2382 403 2434 vigiliis
439 2388 482 2425 et
514 2385 679 2436 jejuniis
712 2399 874 2439 corpus
903 2389 1008 2429 affli-

180 2451 303 2489 gens,
328 2439 372 2479 in
399 2440 669 2482 orationibus
696 2447 739 2483 et
765 2443 1009 2486 coelestium

180 2507 327 2536 rerum
346 2496 715 2548 contemplatione
730 2498 825 2540 dies
839 2502 1009 2542 noctes-

182 2563 267 2603 que
297 2551 573 2601 versabatur,
613 2559 782 2605 septem
815 2555 1010 2606 ejusdem

180 2607 312 2649 Urbis
337 2608 544 2649 ecclesias
569 2609 747 2659 singulis
767 2610 857 2652 fere
875 2613 1009 2653 nocti-

180 2663 263 2704 bus
290 2663 413 2706 obire
441 2664 609 2706 solitus:
639 2678 769 2717 quem
794 2667 894 2708 inde
920 2681 1009 2709 mo-

182 2733 274 2762 rem
323 2720 574 2773 complures
623 2734 760 2763 annos
808 2725 1010 2766 servavit.

1060 302 1178 343 Dato
1223 300 1308 353 piis
1354 298 1666 342 sodalitatibus
1707 300 1895 349 nemine,

1062 358 1218 399 mirum
1257 361 1422 409 quanto
1461 355 1621 397 ardore
1656 359 1894 409 pauperes,

1061 414 1258 455 infirmos
1284 412 1580 466 potissimum,
1610 418 1685 454 aut
1713 413 1894 454 carceri-

1060 471 1142 512 bus
1160 470 1363 511 detentos
1379 468 1672 520 eleemosynis
1687 472 1895 522 omnique

1061 526 1238 580 pietatis
1257 525 1404 568 officio
1424 525 1687 567 sublevaret.
1707 525 1802 568 Lue
1815 527 1895 569 Ur-

1060 583 1162 625 bem
1181 581 1492 635 depopulante,
1514 594 1603 623 una
1622 594 1722 623 cum
1741 588 1895 625 sancto

1063 639 1262 689 Camillo,
1300 643 1424 680 tanto
1457 639 1538 680 fuit
1570 643 1695 680 actus
1728 641 1896 692 impetu

1062 696 1269 745 caritatis,
1290 701 1338 737 ut
1356 701 1520 748 praeter
1540 694 1739 736 subsidia
1758 697 1896 746 aegro-

1061 752 1117 794 tis
1145 751 1413 805 pauperibus
1440 751 1561 802 large
1590 751 1766 803 collata,
1797 752 1894 805 ipsa

1062 809 1193 850 etiam
1222 808 1529 850 defunctarum
1559 807 1778 850 cadavera
1807 809 1897 850 suis

1061 865 1254 906 humeris
1312 863 1571 906 tumulanda
1627 865 1898 907 transferret.

1061 921 1229 963 Verum
1262 934 1362 962 cum
1397 920 1604 962 divinitus
1636 923 1896 974 accepisset,

1062 990 1110 1019 se
1129 976 1186 1019 ad
1204 977 1507 1019 informandos
1525 977 1826 1028 intelligentiae
1845 991 1898 1020 ac

1062 1034 1239 1087 pietatis
1250 1034 1408 1087 spiritu
1419 1033 1899 1088 adolescentulos,prae-

1062 1093 1190 1143 cipue
1204 1094 1438 1144 pauperes
1457 1090 1680 1141 destinari,
1697 1090 1898 1133 ordinem

1063 1146 1334 1188 Clericorum
1359 1146 1625 1197 regularium
1649 1150 1897 1200 pauperum

1062 1202 1216 1244 Matris
1235 1203 1321 1244 Dei
1341 1201 1593 1244 scholarum
1613 1203 1787 1255 piarum
1805 1203 1896 1245 fun-

1063 1258 1199 1309 davit,
1228 1258 1303 1311 qui
1320 1258 1588 1311 peculiarem
1612 1271 1763 1300 curam
1781 1260 1899 1301 circa

1061 1317 1302 1367 puerorum
1325 1314 1617 1357 eruditionem
1638 1328 1693 1358 ex
1713 1316 1897 1369 preprio

1061 1372 1265 1414 instituto
1297 1371 1630 1425 profiterentur:
1662 1372 1898 1426 ipsumque

1063 1427 1264 1470 ordinem
1307 1442 1333 1470 a
1377 1428 1603 1470 Clemente
1647 1431 1826 1480 octavo,
1873 1442 1898 1471 a

1061 1485 1200 1527 Paulo
1221 1485 1373 1537 quinto
1391 1485 1577 1538 aliisque
1592 1485 1737 1527 Suffiis
1750 1485 1897 1528 Ponti-

1063 1541 1220 1583 ficibus
1230 1544 1500 1594 magnopere
1510 1541 1759 1594 probatum‚
1772 1541 1898 1584 brevi

1062 1600 1262 1650 tempore
1278 1611 1358 1651 per
1373 1598 1586 1651 plurimas
1596 1599 1790 1651 Eur6pae
1805 1611 1900 1652 pro·

1062 1655 1227 1695 vincias
1247 1659 1291 1696 et
1310 1667 1446 1706 regna
1465 1654 1723 1697 mirabiliter
1737 1668 1897 1708 propa-

1061 1711 1192 1762 gavit.
1245 1712 1296 1752 In
1329 1711 1414 1753 hoc
1446 1716 1593 1753 autem
1624 1716 1694 1753 tot
1719 1711 1898 1754 labetes

1061 1769 1300 1820 perpessus
1321 1773 1402 1818 est,
1430 1781 1482 1809 ac
1506 1772 1575 1810 tot
1598 1771 1818 1809 aeramnas
1836 1769 1897 1809 in-

1062 1826 1180 1866 victo
1207 1825 1352 1866 animo
1380 1824 1605 1874 toleravit,
1633 1830 1682 1866 ut
1701 1825 1897 1866 omnium

1062 1892 1171 1922 voce
1203 1881 1476 1923 'miraculum
1521 1881 1807 1932 fortitudiniS,
1852 1887 1898 1924 et

1062 1937 1200 1979 sancti
1218 1937 1242 1978 J
1245 1937 1320 1980 obi
1339 1938 1590 1991 exemplum
1609 1937 1840 1980 diceretur.

1116 2011 1166 2063 R.
1192 2011 1371 2054 Amavit
1390 2024 1491 2054 eum
1509 2011 1740 2063 Deminus,
1765 2016 1810 2054 et
1829 2024 1896 2053 or-

1062 2067 1182 2109 navit
1217 2080 1331 2109 eum:
1373 2068 1533 2110 stolam
1565 2068 1721 2119 gloriae
1755 2068 1897 2111 induit

1063 2137 1173 2174 eum,
1197 2126 1220 2150 *
1252 2124 1310 2166 Et
1337 2123 1395 2167 ad
1420 2130 1574 2178 portas
1601 2124 1797 2178 paradisi
1826 2138 1896 2168 co-

1062 2181 1235 2222 ronavit
1263 2193 1374 2222 eum.
1416 2178 1467 2230 V.
1503 2180 1653 2224 Induit
1680 2195 1781 2224 eum
1807 2182 1896 2224 De-

1061 2237 1204 2278 minus
1244 2237 1428 2280 loricam
1468 2238 1592 2289 fidei,
1639 2243 1684 2281 et
1723 2239 1896 2281 ornavit

1062 2306 1172 2335 eum.
1205 2294 1262 2336 Et
1285 2293 1342 2336 ad
1364 2299 1530 2348 portas.

1367 2377 1519 2418 Lectio
1540 2378 1593 2419 vi.

1065 2427 1318 2552 Quamvis
1343 2446 1487 2488 ordini
1509 2447 1716 2489 universo
1734 2449 1895 2500 praees-

1106 2537 1108 2539 .
1162 2508 1240 2552 set,
1258 2505 1453 2555 totisque
1472 2503 1640 2545 viribus
1659 2503 1716 2545 ad
1735 2503 1895 2545 anima-

1062 2571 1158 2599 rum
1169 2559 1355 2601 salatem
1365 2559 1648 2610 incumberet,
1657 2572 1896 2612 numquam

1062 2619 1209 2656 tamen
1238 2616 1473 2657 intermisit
1499 2619 1681 2669 pueros,
1711 2618 1895 2669 praeser-

1062 2671 1140 2711 tim
1159 2672 1465 2724 pauperiores,
1492 2671 1682 2721 erudire,
1708 2684 1895 2724 quorum

1063 2726 1238 2769 scholas
1274 2730 1466 2779 verrere,
1509 2730 1679 2781 easque
1715 2727 1894 2770 domum
