2040 2976
570 231 642 265 Die
669 230 718 263 17.
744 230 842 273 Aug.

888 230 931 263 In
957 228 1103 263 Octava
1129 228 1163 262 S.
1189 228 1396 261 Laurentii.

131 333 359 386 perducto,
378 332 533 374 mortis
554 331 624 374 die
643 331 732 373 suis
751 330 960 372 fratribus

131 389 443 442 praenuntiato,
471 389 570 441 ipso
597 391 838 441 assumptae
862 387 960 428 Vir-

131 446 241 497 ginis
261 446 387 496 festo‚
406 446 542 487 Horis
560 444 792 487 Canonicis
810 456 960 497 perso-

131 503 250 553 lutis,
311 502 598 544 sacramentis
653 500 961 543 ecclesiasticis

131 573 301 601 summa
318 573 418 601 cum
432 557 713 601 veneratione
727 557 961 611 perceptis,

130 617 183 657 iis
202 616 364 659 verbis:
389 617 440 657 In
463 628 618 657 manus
641 619 740 656 tuas
760 614 960 663 Domine,

132 673 334 726 spiritum
351 673 449 715 Deo
474 671 683 721 reddidit,
709 683 824 713 anno
849 669 959 711 salu-

130 731 186 772 tis
223 730 454 771 millesimo
497 728 800 771 ducentesimo
839 728 959 780 quin-

132 787 388 839 quagesimo
421 787 620 840 septimo.
662 787 803 837 Quem
833 784 960 825 mira-

131 844 251 894 culis,
272 844 403 886 etiam
418 849 521 897 post
538 843 716 892 obitum,
735 842 960 891 illustrem,

131 900 334 942 Clemens
356 901 478 953 Papa
506 902 690 942 octavus
717 899 760 939 in
789 900 959 940 sancto-

130 971 227 999 rum
244 960 475 999 numerum
493 956 651 999 retulit.

179 1031 230 1083 R.
258 1028 350 1069 Iste
369 1027 514 1069 homo.
534 1026 615 1080 [72]

178 1112 223 1146 In
246 1113 310 1147 ΠΙ.
331 1113 530 1148 Nocturno
553 1112 725 1147 Homilia
750 1111 789 1145 in
811 1112 955 1156 Evang.

130 1159 214 1194 Sint
233 1159 356 1194 lumbi
372 1159 495 1195 vestri
515 1159 725 1204 praecincti.
750 1160 797 1194 de
821 1161 958 1195 eodem

128 1207 332 1243 Communi
350 1209 377 1243 1.
395 1209 493 1243 loco.
518 1208 587 1252 [74]

179 1269 224 1303 In
251 1269 451 1305 Laudibus
482 1270 523 1304 fit
553 1278 749 1303 commem.
780 1269 859 1304 Oct.
887 1269 957 1304 As—

128 1318 373 1361 sumptionis.

182 1383 282 1426 Ant.
311 1384 423 1434 Quae
443 1387 510 1424 est
527 1382 622 1432 ista,
644 1394 743 1434 quae
763 1379 963 1422 aseendit

133 1440 245 1481 sicut
274 1441 434 1480 aurora
461 1442 747 1490 consurgens,
777 1437 963 1491 pulchra

132 1501 181 1538 ut
198 1496 317 1546 luna,
346 1495 486 1538 electa
509 1501 557 1538 ut
578 1496 660 1546 sol,
687 1495 894 1538 terribilis
913 1500 962 1536 ut

133 1555 378 1595 castrorum
396 1553 512 1595 acies
532 1551 756 1595 ordinata?

180 1616 232 1670 V.
262 1621 468 1664 Exaltata
496 1613 565 1664 est
592 1627 744 1664 saneta
766 1623 851 1664 Dei
879 1623 960 1664 Ge-

131 1679 274 1720 nitrix.
293 1680 345 1733 R.
361 1679 502 1732 Super
516 1679 677 1721 choros
689 1679 961 1731 Angelorum

132 1734 190 1776 ad
209 1735 407 1777 eoelestia
426 1748 572 1787 regna.

461 1811 627 1852 Oratio.

212 1879 458 1922 amulorum
483 1882 676 1930 tuorum,
710 1883 961 1933 quaesumus

230 1937 438 1987 Domine,
476 1935 648 1979 delictis
681 1937 876 1989 ignosce:
914 1942 962 1979 ut

133 1993 209 2046 qui
232 1993 314 2036 tibi
337 1993 513 2046 plaeere
532 1993 588 2035 de
608 1994 778 2036 actibus
796 1994 961 2036 nostris

131 2063 221 2092 non
251 2049 463 2101 valemus3
503 2049 737 2092 Genitricis
769 2050 868 2092 Filii
898 2050 963 2092 tui

132 2106 311 2147 Domini
333 2107 473 2148 nostri
492 2107 805 2149 intercessione
825 2107 961 2149 salve-

132 2176 242 2204 mur:
264 2163 348 2213 Qui
365 2168 511 2205 tecum
529 2163 636 2205 vivit
657 2168 701 2206 et
717 2170 881 2216 regnat.

184 2241 328 2276 Postea
351 2241 386 2277 S.
410 2241 618 2277 Laurentii.

189 2306 289 2347 Ant.
321 2306 373 2346 In
403 2305 612 2346 craticula
634 2309 679 2347 te
704 2305 849 2347 Deum
873 2318 962 2347 non

134 2360 307 2412 negavi,
336 2365 379 2402 et
403 2360 460 2402 ad
481 2361 627 2412 ignem
649 2361 894 2414 applicatus
917 2366 962 2403 te

135 2416 359 2458 Christum
377 2416 603 2458 confessus
628 2430 738 2459 sum:
762 2417 963 2470 probasti

135 2486 212 2514 cor
230 2486 392 2523 meum,
418 2478 462 2515 et
481 2473 667 2515 visitasti
691 2478 837 2516 nocte:
862 2474 962 2525 igne

133 2542 203 2571 me
223 2529 498 2579 examinasti,
524 2534 568 2571 et
589 2542 678 2572 non
702 2535 769 2572 est
787 2530 963 2572 inventa

132 2586 176 2626 in
194 2599 264 2627 me
283 2586 498 2638 iniquitas.

186 2650 237 2701 V.
269 2655 505 2707 Dispersit,
534 2653 657 2696 dedit
683 2655 962 2708 pauperibus.

135 2710 187 2762 R.
207 2711 382 2753 Justitia
406 2712 497 2763 ejus
520 2716 668 2752 manet
690 2711 734 2751 in
753 2711 963 2753 saeculum

136 2767 296 2809 saeculi.

289 2907 353 2931 Pars
369 2907 478 2932 AEstiva.

1347 321 1509 363 Oratio.

1111 398 1136 426 a
1145 385 1285 437 nobis,
1302 387 1553 438 quaesumus
1566 388 1845 438 omnipotens

1107 443 1244 484 Deus:
1254 442 1463 484 vitiorum
1474 444 1726 483 nostrorum
1735 442 1847 483 fiam-

1012 512 1107 540 mas
1137 501 1431 551 exstinguere,
1466 498 1540 551 qui
1573 498 1706 540 beato
1735 499 1845 540 Lau-

1012 555 1155 598 rentio
1181 556 1374 598 tribuisti
1399 557 1720 597 tormentorum
1747 557 1845 596 suo-

1012 626 1109 654 rum
1140 611 1342 654 incendia
1375 614 1598 665 superare.
1639 612 1725 654 Per
1756 612 1844 653 Do-

1011 669 1177 711 minum
1195 674 1404 711 nostrum.

1064 738 1181 782 Vesp.
1205 749 1225 772 a
1244 738 1368 781 Capit.
1395 738 1441 772 de
1465 738 1526 771 die
1546 738 1677 772 Octav.
1696 737 1730 771 S.
1748 738 1844 771 Lau-

1012 787 1137 829 rentii,
1156 797 1240 820 cum
1259 797 1455 821 commem.
1473 787 1638 829 praeced.
1657 790 1693 820 et
1712 786 1844 820 Octav.

1012 835 1211 878 Assumpt.

1239 918 1323 959 Die
1343 918 1399 959 17.
1419 919 1621 969 Augusti.

1131 988 1180 1028 In
1203 987 1370 1028 Octava
1390 987 1433 1028 S.
1453 986 1729 1029 Laurentii.

1346 1052 1510 1096 Duplex.

1066 1110 1201 1145 Omnia
1231 1115 1273 1144 ut
1302 1110 1340 1143 in
1371 1110 1432 1143 die
1460 1110 1568 1143 festo.
1594 1106 1675 1142 489.
1706 1112 1846 1151 praeter

1014 1158 1115 1193 Orat.
1139 1164 1175 1193 et
1191 1159 1407 1193 Lectiones.

1353 1213 1517 1253 Oratio.

1103 1277 1220 1319 xeita
1250 1277 1440 1318 Domine
1472 1276 1515 1316 in
1541 1276 1740 1317 Ecclesia
1771 1280 1848 1318 tua

1115 1334 1342 1388 Spiritum,
1371 1333 1442 1375 cui
1469 1332 1626 1374 beatus
1655 1333 1846 1374 Lauren-

1014 1392 1103 1434 tius
1121 1392 1276 1433 Levita
1296 1390 1492 1432 servivit:
1516 1395 1564 1431 ut
1588 1388 1747 1431 eodem
1766 1403 1847 1431 nos

1015 1448 1191 1501 repleti,
1237 1447 1493 1490 studeamus
1539 1448 1687 1488 amare
1728 1445 1848 1499 quod

1015 1505 1196 1555 amavit,
1233 1509 1277 1546 et
1313 1506 1449 1557 opere
1486 1505 1692 1545 exercere
1727 1502 1848 1556 quod

1015 1562 1179 1604 docuit.
1211 1563 1296 1603 Per
1315 1561 1576 1602 Dominum.
1592 1592 1600 1601 .
1615 1560 1659 1600 in
1679 1561 1847 1601 unitate

1015 1617 1212 1672 ejusdem
1231 1619 1432 1672 Spiritus.

1066 1685 1114 1719 Et
1137 1685 1400 1720 fit‘commem.
1426 1684 1592 1728 praeced.

1066 1738 1167 1779 Ant.
1191 1737 1277 1778 Hic
1291 1736 1357 1777 vir
1373 1735 1621 1789 despiciens
1636 1736 1848 1778 mundum

1015 1798 1059 1835 et
1097 1795 1288 1843 terrena,
1333 1792 1625 1845 triumphans,
1672 1792 1845 1834 divitias

1015 1851 1130 1892 coelo
1151 1848 1350 1892 condidit
1368 1862 1456 1899 ore,
1474 1862 1618 1890 manu.

1066 1910 1117 1961 V.
1136 1912 1161 1953 J
1163 1916 1311 1953 ustum
1331 1910 1516 1953 dednxit
1530 1910 1748 1951 Dominus
1766 1923 1847 1963 per

1015 1969 1108 2009 vias
1131 1973 1286 2010 rectas.
1317 1971 1369 2022 R*-
1395 1968 1452 2009 Et
1477 1966 1672 2009 ostendit
1695 1966 1758 2007 illi
1782 1980 1846 2008 re-

1015 2038 1148 2076 gnum
1166 2025 1261 2066 Dei.

1351 2080 1516 2122 Oratio.

1105 2152 1201 2188 eus,
1235 2138 1309 2190 qui
1341 2150 1423 2179 nos
1456 2136 1577 2179 beati
1607 2136 1848 2190 Hyacinthi

1123 2194 1400 2237 Confessoris
1423 2194 1487 2236 tui
1512 2196 1625 2235 afiua
1644 2193 1846 2236 solemni-

1015 2255 1108 2295 tate
1135 2251 1351 2294 laetificas:
1385 2251 1579 2293 concede
1611 2252 1847 2304 propitius3

1016 2314 1064 2351 ut
1091 2310 1213 2360 cujus
1246 2307 1445 2350 natalitia
1477 2307 1681 2357 colimus,
1716 2308 1848 2349 etiam

1016 2366 1211 2408 actiones
1238 2364 1467 2406 imitemur.

1068 2432 1212 2467 Postea
1236 2431 1316 2467 Oet.
1340 2432 1540 2476 Assumpt.

1069 2485 1170 2525 Ant.
1207 2482 1351 2524 Hodie
1376 2482 1514 2524 Maria
1537 2482 1677 2533 Virgo
1708 2481 1846 2523 coelos

1017 2539 1229 2581 aseendit:
1254 2538 1458 2590 gaudete,
1485 2539 1588 2592 quia
1608 2551 1707 2580 eum
1727 2538 1846 2579 Chri-

1016 2601 1086 2637 sto
1105 2601 1260 2647 regnat
1278 2597 1323 2637 in
1343 2598 1567 2638 aeternum.

1067 2653 1118 2705 V.
1145 2656 1351 2699 Exaltata
1380 2661 1447 2698 est
1475 2660 1626 2698 sancta
1650 2655 1734 2696 Dei
1761 2653 1845 2695 Ge-

1015 2713 1160 2754 nitrix.
1206 2716 1256 2767 R.
1288 2713 1430 2766 Super
1463 2712 1623 2754 choros
1656 2709 1845 2761 Angelo-

1015 2782 1112 2810 rum
1130 2769 1188 2811 ad
1207 2768 1404 2811 coelestia
1421 2781 1567 2819 regna.

1573 2897 1616 2929 34
