2040 2976
452 210 523 243 Dic
548 210 577 243 Γ).
602 209 707 243 Julii.
755 209 812 243 Ss.
838 209 974 253 Cyrilli
1000 214 1035 243 et
1060 208 1249 242 Methodii
1274 208 1383 242 Pont.
1408 212 1444 241 ct
1469 207 1578 242 Conf.

160 306 203 346 in
225 304 385 346 coelum
406 304 500 353 fuit,
526 302 824 356 placidissime
845 303 993 345 defun-

161 367 258 403 ctus
284 366 362 402 est.
407 360 481 402 Uti
508 360 719 412 Cyrsslum
743 360 904 410 Roma,
933 361 995 402 sic

161 416 436 459 Methodium
471 417 670 459 Moravia
707 416 995 459 decedentem

162 487 332 516 summo
360 473 530 515 honore
559 477 798 526 prosecuta
825 479 902 516 est.
942 473 995 514 Il-

162 531 304 572 lorum
321 543 428 572 vero
444 531 615 580 festum,
635 530 757 582 quod
772 530 891 583 apud
906 530 994 572 Sla-

161 587 306 628 voniae
347 586 540 640 populos
581 586 745 638 jamdiu
782 586 994 628 celebrari

161 645 467 693 consueverat,
510 643 603 684 Leo
640 642 995 685 decimustertius

162 700 366 742 Pontifex
388 700 608 741 Maximus
635 713 735 741 cum
760 699 919 741 Officio
945 712 997 741 ac

162 757 297 798 Missa
315 757 498 810 propria
516 757 559 797 in
580 757 783 798 universa
795 756 996 798 Ecclesia

164 814 399 866 quotannis
421 813 490 864 agi
511 813 737 866 praecepit.

219 874 267 913 R.
292 871 383 912 Iste
403 876 480 912 est.
501 870 585 923 [54]

388 947 437 985 In
456 946 527 984 ΙΙΙ.
547 945 771 984 Noeturno.

168 1009 321 1050 Lectio
348 1009 486 1051 sancti
510 1009 736 1060 Evangelii
756 1008 995 1050 secandum

484 1065 662 1107 Lucam.

268 1123 421 1163 Lectio
444 1120 511 1160 vii.
700 1118 811 1170 Cap.
830 1119 893 1157 10.

211 1197 238 1223 n
266 1183 342 1224 illo
371 1185 588 1235 tempore:
622 1182 883 1232 Designavit
911 1183 998 1223 Do-

224 1241 367 1280 minus
384 1244 427 1281 et
444 1239 556 1281 alios
573 1241 855 1291 septuaginta
871 1237 998 1280 duos:

163 1302 207 1338 et
225 1296 343 1338 misit
362 1296 463 1337 illos
482 1295 611 1337 binos
632 1299 734 1336 ante
754 1294 911 1336 faciem
931 1308 997 1336 su-

163 1366 248 1402 am,
273 1353 315 1393 in
337 1366 512 1394 ornnem
532 1352 758 1394 civitatem
779 1356 822 1392 et
841 1351 998 1402 locum⁷

165 1422 252 1461 quo
274 1415 367 1452 erat
384 1410 481 1463 ipse
496 1412 718 1451 venturus.
746 1408 803 1449 Et
818 1408 999 1461 reliqua.

214 1484 405 1527 Homilia
425 1484 566 1526 sancti
586 1483 791 1534 Gregorii
809 1483 955 1536 Papae.

352 1552 525 1587 Homilia
543 1551 593 1586 17.
614 1551 652 1585 in
669 1551 815 1593 Evang.

201 1618 285 1656 2*
298 1606 470 1647 ominus
511 1611 555 1648 et
591 1607 796 1648 Salvator
836 1611 999 1654 noster,

204 1661 290 1718 <¹
315 1663 472 1704 fratres
500 1663 733 1712 carissimi,
761 1661 999 1713 aliquando

187 1706 290 1744 ΑΛ
314 1732 395 1760 nos
424 1719 720 1770 sermonibus,
762 1717 999 1770 aliquando

166 1789 271 1818 vero
302 1776 510 1829 operibus
539 1776 759 1819 admonet.
804 1776 909 1828 Ipsa
942 1777 1000 1817 et-

167 1834 282 1874 enim
323 1833 438 1875 facta
481 1834 572 1885 ejus
613 1835 839 1886 praecepta
884 1837 1001 1874 sunt:

168 1890 270 1942 quia
286 1890 390 1932 dum
406 1890 572 1942 aliquid
586 1890 747 1932 tacitus
762 1889 876 1939 facit,
896 1889 1001 1941 quid

169 1949 299 1997 agere
328 1947 568 1989 debeamus
595 1947 842 1988 innotescit.
886 1946 1001 1987 Ecce

169 2004 282 2045 enim
296 2003 423 2045 binos
439 2004 482 2044 in
497 2002 861 2056 praedicationem
876 2002 1001 2044 disci—

169 2060 299 2113 pulos
319 2060 468 2102 mittit:
490 2061 592 2113 quia
611 2060 698 2102 duo
719 2065 820 2102 sunt
838 2061 1002 2112 praece-

168 2122 245 2169 pta
275 2117 485 2166 caritatis,
521 2117 605 2159 Dei
633 2116 839 2158 videlicet
867 2129 1002 2165 amor,

170 2179 214 2214 et
244 2173 451 2226 proximi:
485 2180 528 2215 et
556 2174 700 2215 minus
731 2186 863 2226 quam
891 2173 1003 2214 inter

170 2229 283 2271 duos
325 2230 484 2272 caritas
525 2230 678 2272 haberi
718 2243 807 2272 non
843 2234 1003 2282 potest.

169 2286 313 2328 Nemo
349 2286 463 2328 enim
497 2287 677 2340 proprie
710 2286 767 2329 ad
799 2288 1002 2339 semetip-

170 2356 267 2384 sum
292 2342 455 2384 habere
476 2344 704 2386 caritatem
725 2343 899 2385 dicitur:
924 2343 1003 2384 sed

172 2399 349 2441 dilectio
368 2402 412 2440 in
437 2399 623 2441 alterum
642 2400 799 2450 tendit,
825 2405 873 2441 ut
897 2399 1003 2441 cari-

169 2462 238 2499 tas
258 2469 356 2498 esse
375 2455 528 2509 possit.

225 2516 275 2568 R.
302 2513 479 2554 Amavit
499 2525 598 2554 eum
618 2513 850 2562 Dominus,
873 2517 916 2554 et
937 2525 1003 2553 or-

172 2570 292 2612 navit
326 2583 440 2611 eum:
480 2569 641 2611 stolam
675 2569 829 2619 gloriae
864 2568 1005 2610 induit

172 2640 287 2676 eum,
317 2629 340 2654 *
359 2626 416 2667 Et
445 2625 501 2667 ad
529 2630 683 2678 portas
711 2625 904 2678 paradisi
934 2638 1003 2666 co-

172 2684 346 2726 ronavit
373 2696 483 2724 eum.
529 2679 578 2729 V.
604 2682 750 2723 Induit
785 2694 885 2722 eum
912 2681 1005 2721 Dfis

172 2741 353 2783 loricam
375 2740 495 2789 fidei,
523 2744 567 2780 et
595 2738 768 2780 ornavit
788 2751 898 2780 eum.
941 2738 1006 2779 Et.

1338 304 1490 345 Lectio
1510 304 1593 344 viii.

1140 373 1216 402 cce
1252 360 1366 402 enim
1398 359 1526 402 binos
1558 359 1615 401 ad
1640 359 1882 413 praedican-

1145 416 1250 458 dum
1278 415 1519 469 discipulos
1544 416 1760 457 Dominus
1786 416 1881 458 mit-

1049 475 1118 515 tit:
1146 476 1364 526 quatenus
1387 472 1473 514 hoc
1495 472 1624 514 nobis
1643 473 1804 515 tacitus
1823 475 1883 513 1'n-

1049 535 1165 579 nuat,
1194 530 1295 581 quia
1317 530 1391 581 qui
1410 529 1637 571 caritatem
1657 542 1760 580 erga
1779 529 1882 571 alte-

1050 600 1147 627 rum
1166 599 1253 627 non
1273 585 1418 635 habet,
1443 585 1772 638 praedicationis
1792 585 1883 626 offi-

1051 644 1166 684 cium
1199 645 1426 695 suscipere
1457 641 1707 683 nullatenus
1740 641 1884 684 debet.

1051 701 1171 741 Bene
1192 705 1339 741 autem
1360 698 1529 748 dicitur,
1551 699 1653 751 quia
1669 698 1788 740 misit
1807 711 1884 740 eos

1051 762 1152 798 ante
1180 757 1336 798 faciem
1364 769 1488 797 suam
1515 756 1559 796 in
1585 768 1762 797 omnem
1785 755 1884 797 civi-

1050 816 1188 855 tatem
1209 818 1252 854 et
1271 813 1428 862 locum,
1449 825 1537 864 quo
1556 817 1651 854 erat
1668 812 1765 865 ipse
1783 824 1885 854 ven-

1050 873 1186 912 turus.
1206 869 1529 911 Praedicatores
1547 869 1663 911 enim
1678 881 1783 910 suos
1795 868 1884 909 Do-

1050 927 1194 968 minus
1231 926 1446 979 sequitur:
1484 926 1588 978 quia
1623 923 1884 978 praedicatio

1050 983 1276 1036 praevenit,
1297 987 1340 1024 et
1355 987 1460 1024 tunc
1475 982 1532 1024 ad
1547 982 1706 1024 mentis
1720 986 1885 1023 nostrae

1051 1039 1350 1081 habitaculum
1365 1039 1583 1080 Dominus
1603 1039 1732 1088 venit,
1753 1050 1885 1090 quan-

1052 1096 1110 1138 do
1152 1095 1289 1138 verba
1331 1095 1652 1137 exhortationis
1694 1097 1885 1148 praecur-

1052 1157 1169 1194 runt:
1217 1157 1352 1204 atque
1389 1164 1469 1205 per
1510 1151 1596 1193 hoc
1638 1151 1800 1193 veritas
1841 1151 1885 1191 in

1051 1214 1199 1251 mente
1221 1209 1469 1261 suscipitur.

1107 1266 1159 1317 R.
1173 1265 1268 1307 Sint
1282 1264 1420 1306 lumbi
1434 1265 1570 1320 vestri
1584 1263 1823 1317 praecincti,
1842 1268 1886 1305 et

1052 1322 1243 1363 lucernae
1272 1321 1478 1363 ardentes
1513 1321 1556 1361 in
1585 1320 1788 1362 manibus
1816 1332 1886 1361 ve-

1053 1379 1170 1420 stris:
1186 1379 1271 1420 *Et
1285 1391 1366 1420 vos
1378 1377 1541 1419 similes
1552 1376 1802 1419 hominibus
1817 1389 1886 1418 ex-

1053 1435 1358 1488 spectantibus
1370 1435 1595 1476 dominum
1607 1447 1746 1483 suum,
1763 1445 1888 1485 quan-

1053 1492 1111 1534 do
1128 1494 1376 1534 revertatur
1392 1505 1417 1533 a
1433 1492 1609 1545 naptiis.
1633 1484 1683 1536 V.
1695 1489 1888 1540 Vigilate

1054 1562 1172 1600 ergo,
1193 1549 1295 1601 quia
1314 1549 1492 1590 nescitis
1509 1561 1596 1600 qua
1614 1548 1723 1588 hora
1738 1546 1887 1587 Domi-

1052 1619 1133 1647 nus
1153 1611 1300 1648 vester
1317 1608 1528 1647 venturus
1546 1605 1612 1646 sit.
1640 1605 1707 1645 Et.
1733 1602 1887 1644 Gloria

1053 1663 1185 1704 Patri.
1217 1662 1283 1703 Et.

1359 1714 1513 1756 Lectio
1534 1714 1588 1755 ix.

1058 1772 1221 1878 Hinc
1235 1788 1425 1828 namque
1445 1775 1612 1817 eisdem
1626 1774 1888 1827 praedicato-

1163 1832 1284 1874 ribus
1299 1833 1437 1873 Isaias
1456 1831 1577 1873 dicit:
1595 1831 1753 1873 Parate
1771 1831 1886 1872 viam

1055 1889 1248 1939 Domini,
1275 1895 1419 1931 rectas
1444 1889 1576 1930 facite
1603 1888 1781 1930 semitas
1804 1889 1887 1930 Dei

1055 1947 1206 1988 nostri.
1253 1946 1368 1988 Hinc
1406 1946 1507 1987 filiis
1543 1945 1778 1987 Psalmista
1813 1946 1888 1987 ait:

1055 2003 1146 2044 Iter
1174 2003 1304 2044 facite
1337 2003 1391 2053 ei,
1428 2003 1502 2055 qui
1529 2002 1727 2044 ascendit
1755 2015 1889 2055 super

1056 2061 1275 2101 occasum.
1308 2060 1450 2113 Super
1472 2061 1680 2101 occasum
1698 2071 1888 2111 namque

1056 2117 1272 2158 Dominus
1306 2115 1519 2158 ascendit:
1559 2115 1661 2167 quia
1694 2114 1812 2157 unde
1844 2115 1887 2156 in

1055 2173 1263 2226 passione
1292 2173 1517 2221 occubuit,
1548 2171 1650 2214 inde
1679 2173 1889 2224 majorem

1057 2243 1180 2272 suam
1208 2229 1392 2281 gloriam
1417 2227 1689 2279 resurgendo
1713 2228 1888 2270 manife-

1057 2286 1199 2328 stavit.
1261 2286 1402 2339 Super
1440 2287 1648 2327 occasum
1682 2284 1890 2327 videlicet

1057 2342 1271 2392 ascendit3
1302 2342 1403 2395 quia
1426 2347 1614 2383 mortem
1640 2354 1771 2394 quam
1793 2343 1889 2394 per-

1056 2399 1170 2450 tulit,
1190 2398 1459 2449 resurgendo
1481 2397 1677 2439 calcavit.
1710 2397 1764 2438 Ei
1783 2409 1888 2448 ergo

1059 2455 1132 2508 qui
1161 2454 1359 2496 ascendit
1391 2467 1524 2507 super
1553 2456 1775 2503 occasum,
1807 2453 1890 2495 iter

1058 2512 1258 2561 facimus,
1284 2525 1382 2553 cum
1403 2524 1484 2552 nos
1505 2511 1595 2563 ejus
1614 2510 1798 2561 gloriam
1819 2522 1889 2551 ve-

1059 2569 1160 2610 stris
1179 2568 1399 2610 mentibus
1419 2567 1729 2621 praedicamus,
1747 2571 1796 2607 ut
1814 2578 1889 2607 eas

1059 2631 1102 2667 et
1129 2625 1225 2678 ipse
1254 2630 1357 2678 post
1385 2624 1578 2673 veniens,
1616 2635 1696 2675 per
1727 2622 1890 2664 amoris

1059 2682 1125 2722 sui
1144 2682 1428 2734 praesentiam
1447 2680 1646 2721 illustret.

1111 2736 1175 2780 Te
1196 2738 1339 2779 Deum
1357 2736 1598 2779 laudamus
1617 2737 1674 2776 13.
