2040 2976
521 239 698 273 Officium
722 238 896 272 votivum
921 237 967 271 de
992 236 1180 270 Passione
1205 237 1249 269 D.
1275 236 1319 269 N.
1344 236 1376 269 J.
1403 236 1441 269 C.

185 335 259 376 Ad
282 339 326 376 te
354 335 668 385 clamaverunt,
701 340 745 376 et
770 335 879 376 salvi
903 335 961 375 fa-

135 391 194 432 cti
213 392 361 432 suntz*
372 392 416 432 in
434 396 479 433 te
498 393 796 444 speraverunt,
817 395 861 432 et
874 403 962 432 non

133 451 235 488 sunt
254 447 435 489 confusi.

185 503 281 554 Ego
306 508 453 545 autem
478 516 574 544 sum
600 503 779 552 vermis,
806 507 849 544 et
875 515 962 544 non

133 558 283 601 homo:
301 559 325 585 *
346 559 634 612 opprobrium
652 559 894 609 hominum,
919 564 963 600 et

134 614 319 667 abjectio
339 615 493 667 plebis.

188 671 351 712 Omnes
373 671 573 712 videntes
599 683 687 720 me,
718 670 964 713 deriserunt

133 739 220 768 me:
245 727 268 752 *
295 726 432 768 locuti
455 731 556 768 sunt
579 726 724 776 labiis,
750 731 794 768 et
817 729 962 768 move-

133 787 235 824 runt
255 787 398 834 caput.

185 838 386 890 Speravit
412 838 456 879 in
479 839 590 888 Dfio,
618 839 775 891 eripiat
800 851 914 880 eum:
939 839 962 863 *

135 894 306 934 salvum
333 894 463 936 faciat
491 907 607 945 eum,
637 895 843 947 quomam
870 894 963 935 vult

134 962 245 990 eum.
530 972 534 974 v

186 1006 404 1056 Quoniam
421 1011 469 1048 tu
484 1019 542 1056 eS‚
561 1007 636 1058 qui
651 1007 879 1048 extraxisti
893 1019 963 1047 me

136 1061 191 1103 de
208 1067 376 1104 ventre:
395 1063 420 1090 *
439 1075 543 1115 spes
562 1075 659 1104 mea
678 1063 735 1104 ab
753 1062 963 1104 uberibus

134 1118 286 1159 matris
311 1131 433 1160 meae.
473 1120 525 1160 In
547 1123 592 1160 te
618 1120 840 1171 projectus
866 1132 963 1160 sum

136 1186 191 1215 ex
208 1177 351 1215 utero:

186 1230 254 1271 De
273 1234 425 1271 ventre
443 1231 596 1272 matris
615 1243 727 1272 meae
742 1232 862 1272 Deus
877 1243 963 1272 me-

135 1298 187 1326 us
206 1299 252 1327 es
271 1290 329 1337 tu,
348 1286 372 1312 *
391 1299 446 1327 ne
467 1286 722 1328 discesseris
742 1300 768 1328 a
786 1300 873 1328 me:

188 1342 406 1392 Quoniam
423 1342 649 1384 tribulatio
663 1344 867 1396 proxima
882 1347 964 1384 est:

135 1398 159 1423 *
180 1398 388 1450 quoniam
405 1411 494 1439 non
514 1404 581 1440 est
601 1401 676 1450 qui
696 1399 883 1451 adjuvet.

189 1454 580 1496 Circumdederunt
598 1468 668 1496 me
683 1455 808 1497 vituli
822 1455 964 1496 multi:

135 1510 159 1535 *
178 1510 293 1551 tauri
311 1511 497 1563 pingues
518 1511 788 1553 obsederunt
805 1524 887 1553 me.

187 1567 470 1619 Aperuerunt
497 1580 629 1619 super
655 1581 726 1609 me
751 1580 801 1609 os
827 1581 964 1617 suum,

137 1623 162 1650 *
181 1622 293 1664 sicut
311 1622 382 1664 leo
403 1623 580 1675 rApiens
600 1628 644 1665 et
663 1624 850 1675 riigiens.

188 1678 310 1720 Sicut
333 1692 448 1731 aqua
474 1679 638 1720 effusus
664 1693 775 1720 sum:
794 1680 818 1705 *
837 1684 880 1721 et
904 1679 964 1720 di-

138 1736 291 1786 spersa
309 1740 410 1776 sunt
430 1735 575 1776 Omnia
596 1748 699 1776 ossa
717 1749 826 1777 mea.

189 1791 373 1831 Factum
392 1795 459 1832 est
482 1804 558 1832 cor
576 1804 724 1833 meum
740 1797 966 1844 tamquam

138 1858 239 1887 cera
257 1846 504 1898 liquescens
523 1847 547 1872 *
566 1847 610 1887 in
632 1847 780 1889 medio
800 1849 966 1890 ventris

137 1914 234 1943 mel.

190 1958 320 1999 Aruit
335 1962 560 2009 tamquam
574 1963 690 2000 testa
703 1959 842 2000 virtus
857 1972 966 2009 mea,

140 2018 184 2054 et
220 2013 368 2064 lingua
407 2026 506 2055 mea
547 2013 732 2055 adhaesit
767 2015 966 2056 faucibus

139 2069 262 2110 meis:
280 2070 304 2095 *
325 2074 369 2110 et
395 2069 439 2109 in
463 2069 691 2121 pulverem
716 2071 870 2112 mortis
895 2071 967 2112 de-

141 2124 305 2166 duxisti
322 2138 403 2166 me.
641 2127 644 2130 ’

193 2181 410 2230 Quomam
462 2181 843 2223 circumdederunt
897 2195 967 2223 me

141 2249 270 2277 canes
284 2236 424 2277 multi:
438 2237 462 2263 *
483 2237 716 2278 concilium
730 2238 967 2288 malignan-

140 2292 249 2332 tium
270 2292 445 2334 obsedit
462 2305 543 2334 me.

192 2347 418 2389 Foderunt
440 2361 594 2389 manus
619 2361 740 2390 meas
765 2352 807 2389 et
830 2348 968 2400 pedes

141 2416 277 2444 meos:
293 2405 316 2431 *
333 2403 717 2446 dinumeraverunt
736 2404 882 2445 omnia
901 2416 968 2444 os-

143 2471 191 2499 sa
208 2472 316 2500 mea.

194 2515 287 2567 Ipsi
305 2527 411 2556 vero
437 2515 826 2557 consideraverunt
846 2519 889 2555 et
908 2515 969 2554 in-

144 2571 383 2622 spexerunt
410 2583 508 2614 ,mez
545 2571 569 2597 *
605 2570 847 2612 diviserunt
887 2570 970 2611 sibi

143 2626 404 2667 vestimenta
430 2639 543 2676 mea,
572 2631 616 2667 et
643 2638 775 2677 super
802 2630 971 2667 vestem

143 2694 286 2722 meam
304 2682 514 2722 miserunt
533 2686 707 2722 sortem.

197 2737 267 2778 Tu
290 2742 436 2778 autem
453 2737 641 2778 Domine
665 2750 719 2778 ne
744 2737 971 2788 elongave-

1014 336 1074 376 ris
1101 336 1309 377 auxilium
1333 340 1458 376 tuum
1485 347 1510 375 a
1533 347 1618 376 me:
1636 335 1659 359 *
1687 332 1743 374 ad
1771 332 1843 374 de-

1014 391 1259 432 fensionem
1277 403 1420 432 meam
1440 391 1659 443 conspice.

1066 448 1182 488 Erue
1225 460 1250 487 a
1291 447 1457 487 framea
1492 447 1613 487 Deus
1654 448 1844 488 animam

1014 516 1171 544 meam:
1191 504 1215 528 *
1236 508 1279 544 et
1303 502 1358 544 de
1376 515 1508 543 manu
1532 503 1651 543 canis
1671 504 1844 545 unicam

1014 572 1167 600 meam.

1066 616 1196 657 Salva
1227 628 1297 656 me
1330 628 1384 656 ex
1416 628 1492 656 ore
1523 616 1678 657 leonis:
1699 618 1722 643 *
1743 622 1786 658 et
1819 630 1845 658 a

1015 671 1220 712 cornibus
1253 671 1524 712 unicornium
1555 672 1845 714 humilitatem

1014 740 1168 769 meam.

1066 783 1270 825 Narrabo
1300 795 1461 824 nomen
1489 788 1612 824 tuum
1638 785 1845 826 fratribus

1014 840 1143 881 meis:
1170 840 1194 865 *
1222 839 1265 879 in
1292 839 1440 880 medio
1470 840 1668 881 ecclesiae
1697 841 1844 882 lauda-

1015 895 1074 937 bo
1092 900 1148 936 te.

1069 951 1153 1001 Qui
1183 951 1347 992 time'tis
1378 951 1636 1001 Dominum,
1668 952 1844 994 laudate

1017 1020 1131 1048 eum:
1168 1008 1192 1034 *
1228 1007 1480 1048 universum
1522 1021 1671 1049 semen
1706 1009 1844 1050 Jacob

1016 1063 1260 1114 glorificate
1279 1076 1389 1104 eum.

1069 1120 1242 1161 Timeat
1263 1132 1362 1161 eum
1382 1132 1511 1161 omne
1531 1133 1680 1161 semen
1694 1121 1847 1162 Israel:

1016 1176 1040 1201 *
1061 1176 1268 1227 quoniam
1286 1188 1375 1217 non
1398 1176 1582 1227 sprevit,
1606 1189 1748 1228 neque
1774 1177 1845 1218 de-

1018 1232 1162 1283 spexit
1183 1231 1540 1283 deprecationem
1559 1233 1782 1284 pauperis:

1067 1287 1162 1328 Nec
1182 1288 1340 1329 avertit
1359 1287 1516 1328 faciem
1537 1300 1660 1328 suam
1679 1301 1705 1329 a
1723 1301 1808 1329 me:
1823 1289 1846 1314 *

1017 1348 1062 1384 et
1082 1356 1182 1384 cum
1202 1343 1439 1384 clamarem
1459 1343 1515 1384 ad
1535 1356 1649 1393 eum,
1671 1344 1846 1386 exaudi-

1017 1400 1079 1441 vit
1097 1413 1179 1444 me.

1069 1455 1203 1508 Apud
1237 1460 1281 1497 te
1318 1455 1413 1496 laus
1448 1468 1546 1496 mea
1584 1456 1628 1496 in
1661 1456 1847 1497 ecclesia

1017 1524 1188 1562 magna:
1203 1513 1227 1538 *
1241 1516 1346 1553 vota
1364 1524 1462 1552 mea
1481 1511 1666 1553 reddam
1685 1513 1729 1552 in
1747 1525 1846 1553 con-

1018 1569 1173 1619 spectu
1191 1567 1436 1608 timentium
1456 1580 1566 1608 eum.

1069 1623 1214 1665 Edent
1242 1627 1480 1676 pauperes,
1515 1628 1558 1664 et
1588 1623 1845 1664 saturabun-

1017 1684 1102 1720 tur:
1144 1685 1188 1721 et
1224 1679 1467 1721 laudabunt
1500 1680 1740 1720 Dominum
1773 1680 1849 1731 qui

1017 1738 1245 1787 requirunt
1269 1749 1383 1777 eum:
1402 1737 1425 1763 *
1444 1736 1592 1777 vivent
1616 1736 1752 1777 corda
1777 1738 1846 1777 eo-

1018 1804 1116 1832 rum
1135 1792 1179 1832 in
1199 1792 1409 1833 saeculum
1429 1791 1589 1832 saeculi.

1070 1847 1422 1888 Reminiscentur
1456 1852 1499 1888 et
1536 1849 1847 1888 convertentur

1019 1903 1076 1944 ad
1130 1903 1368 1944 D6minum
1415 1904 1439 1928 *
1488 1903 1682 1944 universi
1739 1903 1849 1943 fines

1018 1963 1164 1999 terrae:

1070 2015 1129 2055 Et
1149 2014 1396 2056 adorabunt
1420 2015 1463 2055 in
1490 2017 1731 2066 conspectu
1756 2015 1847 2066 ejus

1019 2070 1042 2095 *
1062 2070 1278 2111 universae
1298 2070 1473 2111 familiae
1494 2070 1713 2111 Gentium.

1073 2126 1289 2175 Quoniam
1307 2126 1487 2166 Domini
1512 2130 1579 2167 est
1603 2139 1800 2176 regnum:
1825 2126 1849 2151 *

1021 2185 1064 2222 et
1084 2181 1180 2233 ipse
1199 2181 1492 2223 dominabitur
1511 2182 1728 2222 Gentium.

1073 2237 1450 2278 Manducaverunt
1479 2243 1522 2279 et
1551 2238 1848 2278 adoraverunt

1022 2305 1173 2334 omnes
1191 2293 1376 2345 pingues
1394 2298 1541 2334 terrae:
1559 2295 1582 2320 *
1602 2293 1646 2334 in
1668 2294 1847 2344 conspe-

1022 2353 1096 2389 ctu
1114 2346 1207 2400 'ejus
1222 2348 1381 2390 cadent
1396 2361 1559 2399 omnes,
1579 2349 1654 2401 qui
1670 2349 1847 2390 descen-

1023 2404 1131 2445 dunt
1149 2404 1193 2444 in
1211 2409 1384 2446 terram.

1073 2460 1130 2500 Et
1154 2460 1297 2500 anima
1320 2473 1419 2502 mea
1442 2461 1504 2501 illi
1527 2461 1658 2502 vivet:
1676 2462 1699 2485 *
1720 2463 1763 2500 et
1787 2471 1849 2500 se-

1022 2527 1123 2556 men
1140 2528 1286 2557 meum
1305 2516 1467 2558 serviet
1483 2516 1578 2568 ipsi.

1075 2571 1419 2613 Annuntiabitur
1450 2572 1641 2613 D6mino
1672 2571 1848 2620 genera-

1023 2627 1085 2667 tio
1101 2630 1298 2668 ventura:
1313 2628 1337 2653 *
1353 2633 1396 2669 et
1415 2626 1731 2668 annuntiabunt
1750 2625 1851 2666 coeli

1023 2682 1230 2733 justitiam
1250 2684 1340 2735 ejus
1358 2683 1524 2736 populo
1546 2683 1619 2734 qui
1637 2682 1851 2730 nascetur,

1026 2751 1156 2789 quem
1174 2739 1278 2780 fecit
1295 2739 1524 2780 D6minus.
