2040 2976
718 195 830 230 Feriu
855 200 965 230 sexta
990 197 1039 231 ad
1064 196 1301 232 Matutinum.
1823 197 1870 232 85

424 290 623 331 Psalmus
653 292 718 331 85.

205 342 349 384 nelina
376 343 566 385 Domine
598 357 749 386 aurem
775 349 911 395 tuam,
944 350 988 388 et

155 344 202 451 Ι
237 399 397 441 exaudi
429 413 515 442 me:
547 402 571 428 *
606 401 813 453 queniam
845 402 987 455 inops,

159 461 203 499 et
229 469 399 509 pauper
427 470 524 498 sum
552 470 646 509 ego.

211 513 396 555 Custodi
430 514 619 555 animam
654 526 799 555 meam
836 516 986 567 queni-

158 583 229 612 am
249 574 427 612 sanctus
447 583 558 612 sum:
582 572 606 598 *
625 570 794 613 salvum
811 571 880 613 fac
899 585 986 613 ser-

158 640 261 668 vum
280 631 414 677 tuum,
432 627 554 668 Deus
578 640 715 677 meus,
735 630 986 680 sperantem

157 684 201 724 in
227 688 284 725 te.

209 740 418 781 Miserere
444 740 532 782 mei
550 740 750 791 Domine,
778 742 986 793 queniam

157 796 214 838 ad
241 801 285 838 te
313 786 498 838 clamavi
525 801 621 838 tota
650 797 735 839 die:
760 799 783 825 *
809 798 986 840 laetifica

157 853 346 894 animam
374 853 491 895 servi
517 854 593 904 tui,
621 854 829 906 queniam
857 855 914 897 ad
941 860 985 897 te

155 909 345 951 Domine
372 910 561 952 animam
587 923 731 952 meam
758 911 912 953 levavi.

215 966 432 1017 Quoniam
481 972 530 1009 tu
580 967 769 1010 Demine
822 969 984 1019 suavis,

157 1028 200 1065 et
226 1023 360 1065 mitis:
379 1025 404 1051 *
423 1028 467 1066 θῖ
493 1024 644 1065 multae
667 1025 984 1067 misericordiae

156 1079 360 1122 omnibus
387 1080 693 1122 invocantibus
721 1086 777 1123 te.

207 1136 402 1179 Auribus
428 1138 608 1191 percipe
636 1139 826 1180 Domine
854 1140 984 1181 orati-

156 1195 285 1235 onem
303 1207 465 1236 meam:
487 1195 511 1222 *
531 1200 575 1237 et
593 1195 773 1238 intende
792 1196 892 1238 voci
913 1196 983 1238 de-

154 1251 424 1303 precationis
451 1264 573 1293 meae.

207 1307 259 1347 In
301 1307 373 1349 die
413 1307 712 1350 tribulati6nis
748 1321 859 1350 meae
900 1309 984 1351 cla-

154 1363 271 1404 mavi
303 1363 361 1405 ad
387 1368 448 1405 te:
475 1365 499 1391 *
527 1365 630 1416 quia
657 1365 875 1407 exaudisti
903 1379 984 1407 me.

206 1420 309 1462 Non
338 1424 405 1462 est
431 1420 584 1462 similis
617 1421 682 1463 tui
715 1422 759 1462 in
788 1422 872 1464 diis
895 1423 983 1464 De-

154 1476 290 1518 mine:
321 1478 346 1504 *
374 1481 418 1518 et
445 1489 532 1518 non
562 1482 630 1519 est
663 1478 906 1520 secundum
940 1481 983 1520 ό-

153 1544 261 1584 pera
287 1537 374 1575 tua.

207 1589 371 1632 Omnes
398 1590 565 1632 Gentes
596 1594 896 1644 quascumque
925 1592 982 1634 fe-

154 1646 264 1696 cisti,
283 1647 471 1697 venient,
497 1652 540 1689 et
565 1647 811 1690 adorabunt
834 1661 983 1690 coram

153 1707 198 1744 te
216 1703 420 1745 Domine:
448 1705 472 1732 *
499 1709 543 1746 et
570 1704 880 1756 glorificabunt
907 1718 982 1747 no-

153 1772 254 1801 men
280 1764 415 1801 tuum.

206 1816 424 1866 Queniam
446 1830 631 1869 magnus
656 1830 702 1859 es
729 1822 788 1869 tu,
814 1823 858 1860 et
881 1819 982 1861 faci-

154 1884 231 1914 ens
257 1873 488 1915 mirabilia:
516 1876 540 1901 *
567 1879 616 1916 tu
640 1887 687 1916 es
705 1875 826 1916 Deus
852 1875 982 1917 solus.

203 1929 360 1972 Deduc
388 1943 459 1972 me
486 1931 677 1972 Domine
713 1931 756 1972 in
791 1932 863 1973 via
896 1938 982 1982 tua,

153 1990 198 2027 et
225 1986 446 2038 ingrediar
473 1987 517 2028 in
545 1988 731 2030 veritate
758 1993 848 2030 tua:
868 1990 892 2017 *
910 1989 982 2030 lae-

151 2043 270 2084 tetur
297 2055 375 2098 cor
402 2057 548 2086 meum
573 2049 621 2086 ut
642 2047 796 2087 timeat
820 2058 982 2088 nomen

151 2103 286 2140 tuum.

204 2155 459 2198 Confitebor
504 2156 586 2198 tibi
630 2157 820 2200 Domine
860 2158 981 2200 Deus

151 2223 275 2252 meus
298 2212 343 2252 in
365 2217 463 2254 toto
490 2213 626 2255 corde
650 2227 762 2264 meo,
782 2216 806 2242 *
828 2218 871 2256 et
890 2214 980 2266 glo-

151 2267 333 2310 rificabo
359 2281 519 2311 nomen
545 2274 669 2311 tuum
692 2270 736 2311 in
753 2272 979 2313 aeternum:

204 2324 316 2374 Quia
330 2325 634 2368 misericerdia
648 2331 724 2368 tua
737 2339 895 2378 magna
913 2332 979 2369 est

151 2393 284 2433 super
302 2394 389 2422 me:
409 2382 433 2408 *
453 2386 497 2423 et
517 2383 670 2424 eruisti
688 2383 878 2424 animam
892 2396 978 2426 me-

150 2449 220 2477 am
249 2449 303 2478 ex
329 2437 498 2479 inferno
526 2438 733 2480 inferi6ri.

200 2493 332 2543 Deus,
348 2494 486 2545 iniqui
500 2494 830 2537 insurrexerunt
846 2509 978 2549 super

149 2562 234 2598 me,
264 2555 308 2592 et
337 2553 561 2603 synagoga
584 2552 833 2604 potentium
862 2565 977 2605 quae-

150 2606 315 2649 sierunt
348 2607 538 2648 animam
565 2621 723 2650 meam:
756 2610 780 2636 *
815 2614 858 2651 et
890 2623 976 2651 non

148 2665 475 2715 proposuerunt
496 2669 540 2706 te
559 2665 603 2704 in
623 2667 865 2718 conspectu
884 2679 976 2708 suo.

200 2719 257 2760 Et
290 2725 337 2761 tu
370 2720 559 2762 Demine
592 2721 713 2763 Deus
742 2722 975 2764 miserator

1040 293 1084 331 et
1106 289 1368 340 misericors,
1393 291 1417 318 *
1439 292 1623 343 patiens,
1648 297 1692 334 et
1716 293 1867 335 multae

1038 346 1367 398 misericordiae,
1396 352 1440 388 et
1466 361 1611 390 verax.

1091 403 1283 455 Respice
1300 403 1344 444 in
1358 416 1438 455 me,
1456 409 1499 446 et
1513 405 1722 447 miserere
1738 406 1868 456 mei‚*

1040 459 1097 501 da
1124 459 1357 512 imperium
1384 465 1508 502 tuum
1534 465 1672 514 puero
1701 467 1795 504 tuo:
1824 468 1867 505 et

1039 516 1210 557 salvum
1238 517 1306 558 fac
1334 516 1473 558 filium
1505 519 1674 560 ancillae
1702 524 1803 561 tuae.

1090 573 1180 614 Fac
1212 586 1385 615 mecum
1419 574 1591 626 signum
1620 575 1663 615 in
1691 575 1867 626 bonum,

1039 634 1087 671 ut
1107 629 1286 671 videant
1307 631 1382 682 qui
1401 630 1590 673 oderunt
1608 644 1689 682 me,
1705 637 1749 674 et
1768 645 1866 674 con-

1037 686 1288 728 fundantur:
1317 689 1341 714 *
1367 687 1574 739 queniam
1602 693 1650 730 tu
1678 689 1867 731 Demine

1038 742 1242 795 adjuvisti
1265 757 1346 793 me,
1374 748 1417 785 et
1441 745 1695 786 consolatus
1720 758 1766 787 es
1785 759 1866 788 me.

1092 803 1192 843 Ant.
1213 800 1484 842 Benedixisti
1502 801 1690 843 Demine
1705 807 1866 844 terram

1037 860 1169 898 tuam.

1094 915 1190 955 Ant.
1228 913 1531 956 Fundamenta
1559 916 1659 967 ejus.

1306 975 1506 1015 Psalmus
1535 977 1600 1015 86.

1037 1026 1391 1132 Fundamenta
1426 1028 1517 1079 ejus
1558 1028 1602 1068 in
1642 1028 1866 1069 montibus

1141 1084 1319 1124 sanctis:
1336 1085 1360 1111 *
1380 1083 1522 1135 diligit
1537 1085 1752 1126 Deminus
1767 1098 1866 1137 por-

1036 1145 1104 1181 tas
1127 1140 1231 1181 Sion
1254 1153 1387 1193 super
1416 1141 1562 1182 omnia
1583 1141 1867 1183 tabernacula

1036 1196 1186 1238 Jacob.

1090 1253 1299 1296 Gloriosa
1327 1252 1445 1294 dicta
1473 1259 1574 1296 sunt
1602 1254 1657 1296 de
1684 1259 1740 1305 te,
1764 1256 1787 1282 *
1811 1258 1866 1296 ci-

1036 1310 1150 1351 vitas
1179 1310 1273 1351 Dei.

1088 1366 1256 1407 Memor
1290 1378 1366 1408 ero
1395 1367 1566 1419 Rahab,
1602 1373 1646 1409 et
1678 1368 1865 1420 Babylo-

1035 1423 1103 1463 nis
1118 1423 1142 1448 *
1158 1423 1390 1464 scientium
1417 1436 1499 1465 me.

1086 1479 1203 1521 Ecce
1218 1479 1485 1530 alienigenae,
1502 1485 1545 1522 et
1558 1480 1714 1533 Tyrus,
1731 1486 1774 1523 et
1789 1484 1865 1534 po-

1035 1535 1165 1588 pulus
1181 1535 1452 1589 AEthiopum‚
1471 1539 1495 1564 *
1514 1537 1559 1578 hi
1574 1537 1750 1579 fuerunt
1769 1538 1866 1580 illic.

1087 1592 1314 1644 Numquid
1341 1593 1447 1634 Sion
1476 1593 1608 1635 dicet:
1635 1594 1793 1646 Homo,
1823 1600 1866 1636 et

1035 1648 1169 1690 homo
1202 1654 1331 1690 natus
1364 1654 1431 1691 est
1462 1650 1507 1691 in
1536 1663 1606 1691 ea:
1643 1652 1666 1678 *
1695 1656 1739 1693 et
1770 1652 1865 1704 ipse

1035 1705 1236 1747 fundavit
1265 1719 1361 1747 eam
1387 1706 1665 1748 Altissimus?

1087 1763 1304 1804 Dominus
1332 1763 1529 1805 narrabit
1560 1764 1605 1804 in
1635 1765 1864 1817 scripturis

1034 1819 1313 1872 populorum,
1329 1825 1373 1861 et
1386 1820 1650 1873 principum:
1661 1822 1684 1848 *
1698 1821 1864 1871 horum,

1037 1876 1111 1928 qui
1139 1876 1386 1925 fue'runtjn
1415 1890 1476 1918 ea.

1086 1933 1207 1974 Sicut
1227 1932 1471 1974 laetantium
1490 1934 1685 1975 emnium
1705 1935 1728 1961 *
1745 1933 1863 1975 habi-

1034 1989 1146 2031 tatio
1175 1994 1242 2031 est
1270 1990 1314 2030 in
1341 1994 1397 2032 te.

1306 2048 1505 2089 I'salmus
1534 2049 1596 2089 87.

1125 2103 1270 2144 omine
1297 2103 1419 2144 Deus
1448 2103 1602 2145 salutis
1625 2116 1752 2145 meae:
1774 2105 1798 2131 *
1819 2104 1863 2144 in

1139 2158 1210 2200 die
1226 2159 1422 2210 clamavi,
1435 2164 1479 2201 et
1497 2164 1628 2202 nocte
1639 2172 1792 2216 coram
1807 2164 1863 2201 te.

1085 2215 1228 2257 Intret
1263 2215 1308 2256 in
1336 2218 1577 2269 conspectu
1607 2222 1685 2258 tuo
1719 2217 1861 2258 oratio

1033 2285 1146 2314 mea:
1166 2273 1189 2299 *
1207 2272 1367 2314 inclina
1385 2285 1536 2315 aurem
1553 2278 1675 2315 tuam
1693 2272 1750 2314 ad
1765 2285 1860 2325 pre-

1033 2342 1129 2371 cem
1156 2341 1314 2370 meam:

1083 2385 1194 2435 Quia
1241 2385 1410 2438 repleta
1446 2390 1513 2427 est
1549 2385 1675 2426 malis
1718 2385 1860 2426 anima

1032 2455 1144 2483 mea:
1170 2443 1194 2469 *
1218 2447 1262 2483 et
1285 2442 1375 2484 vita
1398 2454 1497 2484 mea
1513 2442 1682 2483 inferno
1702 2454 1858 2494 appro-

1032 2498 1274 2550 pinquavit.

1082 2555 1346 2596 AEstimatus
1366 2568 1463 2595 sum
1478 2568 1577 2596 cum
1595 2553 1856 2596 descenden-

1030 2610 1148 2652 tibus
1176 2611 1220 2652 in
1247 2611 1407 2652 lacum:
1435 2612 1459 2639 *
1486 2611 1627 2652 factus
1655 2623 1751 2651 sum
1777 2609 1855 2650 sic-

1030 2673 1078 2708 ut
1095 2667 1227 2709 homo
1247 2668 1340 2709 sine
1360 2668 1590 2720 adjutorio,
1611 2667 1724 2707 inter
1743 2667 1855 2706 mer-

1029 2729 1130 2765 tuos
1158 2723 1279 2765 liber.
