2040 2976
693 204 733 237 In
761 204 875 237 Festo
902 203 1085 246 Corporis
1112 203 1263 237 Christi.

292 300 378 341 Ad
408 299 793 341 matutinum.

182 373 352 414 Invitat.
379 370 599 412 Christum
616 370 783 421 Regem
802 369 954 412 adore-

131 439 227 468 mus
251 425 547 468 dominantem
571 426 798 468 Gentibus:
823 430 846 453 *
871 427 955 476 Qui

133 495 180 523 se
198 481 559 523 manducantibus
574 482 650 524 dat
669 483 846 535 spiritus
862 483 953 534 pin-

131 538 374 590 guedinem.

183 606 251 645 Ps.
276 606 442 654 Venite,
462 603 738 645 exsultemus.
755 605 792 644 2.

436 678 644 730 Hymnus.

130 738 319 845 Sacris
337 741 555 839 solerglpiis
578 742 721 794 juncta
746 742 832 784 sint
853 746 955 793 gau-

182 854 239 895 Et
275 866 329 895 ex
363 810 620 923 praecg’rdiis
658 859 813 897 sonent
845 869 954 908 prae-

442 924 582 962 con1a;

182 966 410 1010 Recedant
464 970 613 1010 vetera
632 1000 640 1018 ‚

441 1025 596 1075 ‹Smnia⁷

237 1080 390 1131 Corda,
408 1093 553 1132 voces,
574 1087 616 1123 et
635 1083 780 1133 Opera.

133 1148 285 1190 Noctis
302 1149 507 1191 recolitur
527 1162 653 1191 coena
670 1149 917 1198 novissima,

184 1205 279 1256 Qua
299 1205 496 1275 Christus
521 1206 711 1248 creditur
734 1219 892 1256 agnum
912 1209 955 1246 et

183 1316 370 1359 Dedisse
389 1276 606 1369 fraltssibliliss,
626 1319 745 1371 juxta
762 1318 955 1369 legitima

234 1373 394 1415 Priscis
414 1374 582 1416 indulta
600 1374 810 1427 patribus.

138 1442 239 1483 Post
254 1454 412 1493 agnum
427 1443 634 1508 tyfpicum,
654 1443 836 1496 explatis
852 1445 953 1496 epu-

185 1553 354 1607 Corpus
369 1499 647 1621 Dolmsinicum
664 1555 815 1597 datum
829 1555 953 1598 disci-

182 1666 253 1708 Sic
275 1671 417 1709 totum
437 1612 649 1718 gffnSibuS,
675 1667 794 1719 quod
812 1673 954 1710 totum

438 1725 629 1776 singulis,

232 1779 335 1832 Ejus
354 1781 540 1823 fatemur
558 1781 768 1823 manibus.

132 1847 266 1890 Dedit
282 1849 506 1900 fragilibus
521 1850 718 1903 cerporis
733 1848 953 1898 ferculum,

181 1904 316 1946 Dedit
341 1910 385 1947 et
409 1906 607 1948 tristibus
632 1905 853 1958 sanguinis
876 1907 952 1957 ρό-

181 2017 361 2059 Dicens:
414 1962 600 2071 3ἱὲὲὲἳὲ
653 2016 773 2069 quod
791 2030 795 2033 ·
824 2016 952 2059 trado

439 2074 675 2123 vasculum,

234 2130 397 2172 Omnes
417 2143 471 2172 ex
490 2143 543 2172 6ο
562 2129 708 2172 bibite.

137 2199 208 2240 Sic
227 2198 484 2248 sacrificium
501 2199 619 2240 istud
636 2198 831 2247 instituit,

185 2255 315 2307 Cuius
334 2254 524 2297 officium
543 2255 755 2297 committi
773 2253 910 2295 valuit

183 2311 295 2352 Solis
310 2311 586 2376 presbyrteris,
605 2311 761 2364 quibus
777 2310 839 2351 sic
854 2312 952 2351 can-

236 2423 294 2464 Ut
312 2372 565 2473 sumag‘guell’
575 2422 679 2464 dent
698 2422 863 2463 ceteris.

137 2492 264 2533 Panis
279 2492 500 2543 angelicus
514 2492 564 2532 fit
577 2491 703 2544 panis
717 2490 953 2539 h6minum3

185 2548 273 2589 Dat
292 2548 415 2600 panis
441 2547 619 2588 co'elicus
637 2547 788 2598 figuris
810 2546 952 2586 termi-

186 2659 223 2701 O
247 2671 317 2700 res
339 2616 560 2708 miraIblillrisL
582 2658 817 2699 manducat
838 2658 954 2698 Dfim

234 2715 418 2768 Pauper,
438 2727 600 2764 servus,
619 2718 662 2756 et
679 2713 862 2754 humilis.

1010 299 1072 339 Te
1095 298 1209 340 trina
1225 299 1376 341 Deitas
1399 303 1571 352 unaque
1594 301 1826 353 pascimus,

1057 354 1128 395 Sic
1142 367 1223 396 nos
1237 361 1285 397 tu
1295 357 1433 406 visita,
1444 357 1556 398 sicut
1570 362 1613 398 te
1630 357 1827 398 colimus:

1055 411 1139 452 Per
1170 416 1269 453 tuas
1302 412 1478 454 semitas
1510 413 1594 454 duc
1625 426 1706 454 nos
1740 426 1825 465 quo

1313 467 1543 517 tendimus,

1108 522 1180 564 Ad
1199 523 1351 573 lucem,
1373 537 1502 576 quam
1520 524 1748 566 inhabitas.

1314 580 1466 622 Amen.

1243 656 1292 694 In
1318 656 1348 694 I.
1376 656 1597 695 Nocturno.

1064 726 1161 766 Ant.
1192 725 1397 764 Fructum
1421 723 1688 765 salutiferum
1706 725 1729 751 *
1753 737 1825 774 gu-

1006 778 1211 820 standum
1255 778 1375 820 dedit
1416 779 1629 821 D6minus
1675 781 1827 821 mortis

1007 848 1098 876 suae
1125 837 1334 888 tempore.

1291 899 1490 939 Psalmus
1519 899 1547 937 1.

1042 960 1240 999 ‘catus
1255 958 1332 1007 vir,
1348 958 1422 1009 qui
1441 971 1529 999 non
1544 958 1650 999 abiit
1664 958 1708 998 in
1728 971 1826 999 con-

702 981 818 1010 nova
871 968 956 1010 sint
1043 961 1061 972 ἶ

1018 1020 1022 1049 ς
1045 1013 1111 1076 θ’
1134 1014 1231 1055 silio
1251 1015 1496 1067 impierum,
1516 1020 1559 1056 et
1577 1015 1621 1055 in
1640 1015 1710 1055 via
1729 1027 1826 1067 pec-

1134 1072 1331 1111 catcrum
1363 1083 1451 1112 non
1483 1071 1617 1120 stetit,
1650 1071 1673 1096 *
1707 1076 1749 1112 et
1783 1071 1826 1110 in

1007 1126 1215 1168 cathedra
1234 1126 1494 1179 pestilentiae
1513 1139 1601 1168 non
1620 1126 1746 1168 sedit:

1058 1182 1144 1223 Sed
1158 1183 1202 1223 in
1217 1183 1311 1235 lege
1322 1183 1501 1224 Damini
1511 1183 1712 1224 volantas
1726 1184 1826 1235 ejus

1006 1238 1029 1263 *
1049 1239 1155 1296 etin
1171 1239 1266 1291 lege
1282 1241 1372 1290 ejus
1390 1239 1672 1280 meditabitur
1689 1238 1759 1280 die
1775 1252 1825 1280 ac

1006 1299 1146 1336 nocte.

1057 1351 1114 1392 Et
1141 1351 1222 1392 erit
1248 1356 1472 1403 tamquam
1498 1351 1679 1402 lignum,
1707 1350 1826 1402 quod

1005 1406 1249 1459 plantatum
1260 1412 1326 1448 est
1340 1420 1466 1449 secus
1478 1407 1686 1448 decursus
1697 1409 1825 1458 aqua-

1006 1475 1112 1513 rum,
1139 1464 1163 1489 *
1191 1463 1310 1515 quod
1337 1463 1526 1505 fructum
1553 1476 1678 1504 suum
1704 1462 1826 1504 dabit

1005 1519 1050 1559 in
1069 1521 1267 1573 tempore
1288 1533 1382 1561 suo:

1056 1577 1113 1619 Et
1139 1577 1291 1618 felium
1319 1578 1409 1627 ejus
1437 1588 1526 1617 non
1545 1575 1721 1617 defluet:
1739 1575 1762 1601 *
1783 1580 1826 1616 et

1006 1633 1152 1674 emnia
1171 1636 1458 1685 quaecumque
1477 1632 1622 1681 faciet,
1646 1644 1824 1684 prospe-

1004 1689 1225 1731 rabuntur.

1055 1745 1158 1787 Non
1190 1746 1253 1786 sic
1284 1745 1427 1797 impii,
1460 1757 1547 1785 non
1580 1744 1660 1784 sic:
1691 1744 1714 1768 *
1747 1742 1825 1784 sed

1005 1807 1228 1854 tamquam
1272 1801 1435 1854 pulvis,
1478 1813 1607 1852 quem
1652 1799 1825 1851 prajicit

1005 1863 1160 1900 ventus
1179 1871 1204 1899 a
1222 1858 1332 1899 facie
1350 1862 1489 1899 terrae.

1056 1914 1164 1956 Ideo
1188 1926 1277 1955 non
1300 1917 1528 1964 resurgent
1552 1912 1675 1964 impii
1698 1912 1743 1952 in
1766 1912 1823 1963 ju-

1005 1970 1135 2012 dicio:
1160 1970 1183 1996 *
1208 1983 1350 2022 neque
1377 1970 1633 2022 peccateres
1656 1968 1701 2008 in
1724 1980 1823 2008 con-

1005 2027 1105 2068 cilio
1125 2028 1346 2079 justarum.

1055 2083 1271 2133 Quoniam
1294 2082 1416 2123 novit
1437 2082 1531 2122 Dfis
1556 2080 1671 2121 viam
1695 2081 1823 2132 justa-

1003 2152 1114 2180 rum:
1131 2139 1155 2165 *
1175 2144 1218 2180 et
1236 2139 1318 2180 i'ter
1336 2138 1570 2190 impiarum
1587 2135 1758 2189 peribit.

1062 2202 1160 2241 Ant.
1197 2201 1405 2241 Fructum
1446 2197 1713 2239 salutiferum
1750 2209 1822 2247 gu-

1004 2256 1206 2298 standum
1250 2254 1371 2297 dedit
1412 2254 1626 2296 Dominus
1671 2252 1823 2293 mortis

1004 2325 1095 2354 suae
1112 2314 1323 2364 tempore.

1060 2375 1158 2413 Ant.
1187 2374 1226 2413 A
1249 2373 1391 2413 fructu
1414 2370 1615 2412 frumenti
1633 2371 1656 2396 *
1675 2374 1719 2410 et
1736 2368 1824 2409 vini

1002 2428 1277 2481 multiplicati
1300 2427 1453 2469 fideles
1470 2427 1514 2467 in
1536 2438 1645 2479 pace
1665 2423 1823 2466 Christi

1004 2485 1292 2537 requiescunt.
1774 2500 1776 2502 -

1290 2543 1487 2584 Psalmus
1507 2545 1545 2582 4.

1083 2614 1156 2641 um
1192 2601 1440 2641 invocarem
1489 2595 1709 2639 exaudivit
1751 2605 1820 2634 me

1095 2657 1216 2698 Deus
1238 2655 1411 2707 justitiae
1430 2666 1555 2695 meae:
1577 2653 1601 2678 *
1623 2652 1667 2692 in
1689 2648 1820 2691 tribu-

1003 2713 1166 2754 laticne
1185 2711 1378 2753 dilatasti
1394 2709 1509 2750 mihi.
