2040 2976
189 206 286 250 [298]

224 301 412 344 Homilia
430 301 471 342 S.
490 300 693 351 Gregerii
708 300 988 343 Nazianzeni.

378 367 435 400 Ex
461 367 562 401 Orat.
591 368 638 401 115.
666 368 774 402 Tom.
803 369 828 402 1.

552 415 702 465 itaque
740 426 822 466 per
856 415 1020 456 miseri-

194 476 203 517 }
324 470 490 512 cordiae
528 469 691 520 officia,
727 470 939 523 labesque
977 476 1020 512 et

197 528 200 531 ‘
232 522 291 552 ''32
323 526 479 569 sordes
525 527 681 568 animae
728 529 1020 578 extergamus,

189 598 240 627 ac
265 584 522 627 dealbemur
550 583 622 624 alii
647 589 695 625 ut
719 585 839 633 lana,
871 583 944 624 alii
972 588 1020 624 ut

187 643 277 692 nix,
322 654 405 695 pro
451 639 769 682 misericordiae
813 639 1021 682 videlicet

188 698 492 751 proportiune:
525 702 658 749 atque
689 701 738 738 ut
769 696 1020 738 formidabi-

188 755 270 796 lius
291 754 458 807 aliquid
477 754 638 803 dicam,
662 753 699 794 si
717 753 836 794 nulla
856 758 923 794 est
940 753 1021 795 tibi

189 811 448 862 confractio,
473 823 618 862 neque
636 810 764 859 livor,
791 823 873 851 nec
891 810 1022 862 plaga

188 874 377 918 tumens,
402 881 484 909 nec
503 867 592 908 ulla
611 866 768 908 animae
786 867 927 919 lepra,
947 871 1022 908 aut

189 925 520 976 significationis
545 929 709 973 tactus,
737 928 812 965 aut
838 923 1021 972 candor,

190 995 290 1034 quae
323 995 349 1023 a
380 981 478 1033 lege
508 980 687 1033 quidem
716 982 872 1031 exigue
902 993 1022 1021 cura-

188 1038 365 1088 bantur,
410 1037 628 1079 medicam
671 1042 820 1079 autem
862 1036 1024 1078 Christi

188 1108 365 1137 manum
393 1097 638 1148 requirunt;
680 1099 725 1136 at
764 1099 883 1136 certe
924 1107 1024 1136 eum

189 1152 262 1204 qui
291 1152 444 1193 salutis
479 1156 644 1193 nostrae
675 1164 808 1192 causa
836 1151 1022 1192 vulneri-

187 1208 270 1250 bus
291 1214 334 1250 et
353 1208 565 1259 languore
585 1207 770 1249 affectus
791 1212 875 1258 est,
894 1221 1021 1250 vene-

187 1267 296 1306 rare.
316 1264 613 1307 Veneraberis
629 1270 787 1314 autem,
803 1264 897 1306 site
911 1263 1023 1306 Chri-

187 1322 242 1364 sti
255 1321 455 1363 membro
470 1321 709 1372 benignum
724 1325 857 1374 atque
872 1321 1020 1362 huma·

185 1391 290 1419 num
307 1378 520 1431 praebeas
550 1378 681 1429 Quod
705 1378 743 1419 si
765 1384 810 1421 te
830 1378 1020 1419 fortasse

186 1435 429 1477 animarum
474 1438 727 1476 nostrarum
772 1434 927 1488 praedo
977 1440 1021 1476 et

185 1493 414 1543 tyrannus,
467 1491 540 1533 vel
584 1491 639 1533 ab
685 1491 932 1533 Jerusalem
976 1491 1019 1532 in

185 1547 210 1588 J
213 1547 362 1589 ericho
403 1547 761 1598 descendentem,
803 1547 874 1589 vel
916 1547 1020 1589 alibi

186 1604 358 1656 uspiam
403 1605 613 1646 inermem
662 1610 707 1646 et
754 1604 1020 1658 imparatum

187 1659 414 1702 offendens
439 1661 501 1702 ita
525 1661 754 1710 sauciavit,
782 1666 830 1702 ut
853 1673 909 1702 ne
931 1673 1018 1702 me-

187 1715 376 1758 dicinam
397 1717 575 1770 quidem
595 1719 810 1769 exquiras,
828 1717 915 1759 heu
930 1718 1019 1770 pla-

185 1786 285 1824 gam
313 1787 419 1816 sane
446 1773 770 1826 gravissimam,
799 1774 1019 1816 calamita-

183 1831 363 1883 temque
383 1831 594 1873 altissime
614 1831 904 1883 grassantem!

238 1893 289 1944 R.
333 1887 509 1930 Corona
546 1891 679 1930 aurea
716 1900 849 1940 super
885 1894 1019 1941 caput

185 1944 294 1995 ejus,
316 1950 339 1974 *
358 1945 582 1998 Expressa
608 1945 733 1996 signo
763 1946 1018 1995 sanctitatis,

184 2000 323 2050 gloria
341 2001 522 2043 honoris
542 2007 585 2044 et
605 2014 718 2054 opus
736 2002 1018 2043 fortitudinis.

187 2056 236 2107 ὶῦ.
255 2057 472 2107 Quoniam
491 2058 746 2110 praevenisti
766 2071 866 2100 eum
884 2058 928 2099 in
945 2058 1018 2100 be-

185 2113 508 2156 nedictionibus
537 2114 799 2165 dulcedinis,
829 2116 1018 2168 posuisti

185 2169 228 2209 in
256 2170 402 2222 capite
433 2172 524 2223 ejus
551 2173 762 2213 corenam
788 2171 844 2213 de
869 2171 1017 2224 lapide

184 2226 393 2278 pretioso.
419 2227 654 2280 Expressa.

478 2286 630 2326 Lectio
651 2287 733 2326 viii.

262 2345 281 2382 t
303 2339 409 2381 mihi
434 2340 611 2392 quidem
633 2340 720 2383 hoc
745 2353 923 2393 quoque
943 2344 1017 2383 no-

295 2397 412 2438 mine
434 2398 684 2438 necessaria
707 2411 805 2439 esse
823 2398 1018 2450 benigni-

186 2458 254 2495 tas
279 2458 323 2495 et
346 2453 649 2495 misericordia
674 2467 778 2505 erga
798 2458 1018 2507 pauperes

187 2509 378 2558 videtur,
408 2514 457 2551 ut
481 2510 533 2551 iis
559 2510 633 2562 qui
660 2509 715 2551 de
739 2510 826 2551 illis
844 2512 905 2553 ita
924 2514 1018 2552 sen-

186 2566 299 2608 tiunt
318 2579 369 2607 os
389 2566 689 2614 obstruamuS,
714 2579 797 2607 nec
816 2567 1018 2609 inanibus

187 2622 332 2664 verbis
349 2622 571 2672 cedamus,
591 2621 863 2663 crudelitatis
876 2623 1019 2673 legem

187 2678 398 2720 adversus
430 2681 728 2731 nosmetipsos
761 2679 1019 2721 sancientes.

188 2735 393 2777 Ceterum
426 2735 621 2776 emnium
652 2735 841 2778 maxime
870 2735 1019 2778 divino

683 211 753 245 Die
778 212 830 245 25.
852 212 969 246 Junii.
1017 214 1051 246 S.
1078 212 1272 246 Gallicani
1297 211 1405 246 Mart.

1073 301 1285 343 mandato
1323 306 1367 343 et
1399 299 1605 352 exemplo
1635 301 1906 342 moneamur.

1074 356 1308 409 Quodnam
1349 369 1486 409 porro
1527 355 1614 398 hoc
1649 356 1906 398 mandatum

1074 412 1163 456 est?
1193 413 1254 456 At
1272 412 1436 462 videte,
1461 425 1630 464 quaeso,
1655 425 1787 465 quam
1806 425 1906 455 con·

1073 476 1194 512 stans
1223 470 1279 512 sit
1307 475 1440 522 atque
1469 469 1698 510 sincerum.
1748 469 1907 523 Neque

1074 527 1188 569 enim
1211 526 1463 568 hominibus
1483 526 1648 578 Spiritu
1672 531 1828 568 sancto
1848 527 1906 568 af-

1074 584 1190 625 flatis
1219 588 1288 625 sat
1316 583 1397 625 fuit
1425 582 1562 625 semel
1589 587 1723 635 atque
1748 585 1907 625 iterum

1074 641 1130 682 de
1145 639 1415 693 pauperibus
1427 642 1674 682 sermonem
1684 639 1908 690 habuisse3

1073 709 1155 739 nec
1188 695 1367 749 quidam
1401 696 1632 738 dumtaxat
1663 696 1720 738 de
1746 696 1816 738 his
1843 709 1907 738 re-

1072 753 1156 795 bus
1171 753 1309 795 verba
1323 753 1533 802 fecerunt,
1549 752 1706 805 reliqui
1719 753 1908 804 minime,

1073 815 1149 852 aut
1169 810 1241 851 alii
1261 810 1495 862 copiosius,
1519 809 1593 851 alii
1612 810 1801 862 parcius,
1820 810 1908 852 vel-

1073 873 1120 909 ut
1140 866 1195 909 de
1215 879 1262 908 re
1282 880 1371 908 non
1388 869 1450 908 ita
1467 879 1637 917 magna,
1655 879 1738 908 nec
1757 865 1907 909 admo-

1074 923 1178 965 dum
1206 923 1472 965 necessaria:
1500 935 1655 965 verum
1683 928 1728 965 et
1754 936 1908 965 omnes

1072 981 1129 1021 in·
1149 981 1416 1030 universum,
1455 986 1501 1022 et
1531 979 1687 1022 sedulo
1721 980 1908 1032 quisque

1073 1037 1144 1079 vel
1171 1037 1335 1090 primo,
1370 1037 1441 1079 vel
1468 1037 1512 1078 in
1540 1037 1695 1090 primis
1724 1036 1782 1078 ad
1810 1049 1908 1078 eam

1073 1106 1166 1135 rem
1198 1106 1281 1135 nos
1313 1094 1562 1144 hortantur,
1604 1106 1720 1134 nunc
1757 1091 1907 1136 admo-

1073 1152 1244 1200 nenteS‚
1275 1150 1392 1191 nunc
1424 1150 1760 1200 comminantes,
1791 1162 1908 1191 nunc

1074 1206 1407 1259 exprobrantes,
1426 1210 1757 1259 nonnumquam
1776 1206 1909 1248 etiam

1074 1276 1162 1312 eOS,
1183 1263 1259 1315 qui
1273 1263 1450 1305 virtutis
1468 1262 1596 1314 hujus
1615 1265 1796 1304 munere
1816 1262 1908 1304 fun-

1072 1324 1251 1371 guntur,
1279 1319 1485 1362 laudibus
1513 1318 1759 1370 efferentes3
1786 1319 1908 1360 nimi-

1073 1390 1187 1426 rum,
1214 1382 1263 1419 ut
1286 1389 1367 1429 per
1392 1375 1706 1417 admonitionis
1725 1375 1907 1418 assidui-

1072 1436 1211 1475 tatem
1244 1446 1298 1475 eo
1330 1446 1414 1475 nos
1445 1432 1688 1484 adducant,
1735 1438 1784 1475 ut
1822 1432 1909 1475 hoc

1072 1489 1330 1532 mandatum
1350 1491 1655 1541 exsequamur.

1127 1551 1179 1603 R.
1201 1547 1287 1588 Hic
1312 1552 1380 1588 est
1399 1558 1503 1588 vere
1521 1546 1705 1599 Martyr,
1731 1546 1807 1598 qui
1824 1559 1908 1599 pro

1074 1603 1237 1646 Christi
1273 1603 1450 1650 nomine
1487 1603 1746 1654 sanguinem
1780 1616 1909 1644 suum

1072 1660 1198 1701 fudit:
1222 1659 1246 1685 *
1263 1660 1347 1710 Qui
1371 1659 1511 1700 minas
1535 1658 1728 1710 judicum
1750 1671 1840 1701 non
1857 1661 1908 1701 ti·

1071 1717 1200 1767 muit,
1232 1729 1314 1758 nec
1346 1717 1535 1758 terrenae
1564 1715 1790 1767 dignitatis
1817 1715 1907 1767 gle-

1071 1774 1182 1814 riam
1202 1772 1423 1824 quaesivit,
1444 1770 1524 1814 sed
1543 1771 1602 1814 ad
1620 1771 1822 1814 coelestia
1841 1784 1906 1814 re-

1071 1842 1158 1880 gna
1183 1829 1396 1882 pervenit.
1440 1823 1491 1876 V.
1517 1828 1543 1869 J
1545 1833 1693 1870 ustum
1721 1828 1906 1871 deduxit

1071 1887 1165 1927 Dfis
1183 1899 1265 1939 per
1280 1886 1375 1927 vias
1394 1890 1551 1935 rectas,
1566 1890 1610 1927 et
1630 1884 1826 1927 ostendit
1843 1885 1906 1927 illi

1071 1956 1255 1994 regnum
1282 1942 1378 1984 Dei.
1419 1941 1515 1991 Qui.
1557 1941 1726 1982 Gloria.
1767 1941 1867 1992 Qui.

1378 1999 1531 2040 Lectio
1551 1998 1607 2038 ix.
1882 1996 1895 2007 ‘

1163 2069 1287 2098 erum
1320 2054 1483 2097 dixerit
1513 2054 1704 2096 fortasse
1731 2054 1906 2106 aliquis:

1181 2114 1294 2155 Haec
1324 2124 1407 2164 pro
1440 2110 1710 2164 pauperibus
1742 2110 1829 2152 illis
1862 2116 1906 2152 et

1070 2170 1278 2223 inopibus
1298 2167 1418 2210 dicta
1437 2172 1553 2218 sunt,
1579 2167 1655 2220 qui
1672 2167 1828 2219 injuria
1846 2167 1905 2209 af-

1071 2228 1288 2268 ficiuntur.
1316 2226 1381 2268 Sit
1399 2225 1462 2266 ita
1478 2236 1599 2275 sane3
1622 2237 1724 2265 nam
1744 2222 1800 2265 de
1819 2223 1906 2266 hoc

1070 2284 1191 2325 litem
1210 2283 1374 2324 nullam
1388 2280 1592 2323 movebo.
1619 2280 1682 2322 At
1695 2280 1782 2322 hoc
1797 2292 1904 2332 quo-

1072 2353 1157 2392 que
1177 2345 1325 2382 tamen
1344 2338 1402 2380 ad
1418 2336 1606 2379 colenda
1621 2337 1905 2379 humanitatis

1072 2397 1219 2438 officia
1228 2402 1272 2438 te
1284 2394 1548 2438 exstimulet.
1569 2394 1765 2444 Quorum
1777 2394 1906 2443 enim,

1072 2454 1109 2494 si
1129 2451 1236 2505 quid
1254 2452 1423 2504 injuriae
1448 2451 1511 2492 eis
1530 2450 1757 2499 inferatur,
1782 2454 1905 2491 tanta

1071 2510 1184 2552 ratio
1203 2509 1406 2557 habetur,
1426 2505 1584 2548 iisdem
1604 2511 1724 2548 certe
1743 2505 1904 2548 benefi-

1072 2567 1140 2608 cio
1166 2565 1336 2608 affectis
1363 2563 1553 2616 amplior
1577 2567 1622 2604 et
1640 2562 1905 2604 uberior-est

1071 2623 1224 2674 gratia.
1263 2621 1379 2662 Nam
1403 2621 1441 2661 si
1466 2620 1540 2672 qui
1563 2622 1807 2672 pauperem
1831 2617 1903 2660 de-

1071 2679 1218 2731 spicit,
1259 2691 1360 2719 eum
1391 2689 1417 2718 a
1450 2689 1539 2728 quo
1572 2675 1715 2717 factus
1747 2679 1815 2717 est
1847 2673 1903 2715 ad

1072 2736 1181 2776 iram
1219 2733 1429 2783 concitat,
1474 2745 1563 2774 non
1607 2731 1790 2774 dubium
1825 2735 1903 2780 est,
