2040 2976
193 199 296 243 [280]

193 295 469 336 vulneratum
489 306 577 335 non
601 292 776 344 diligat?
806 294 915 344 Quis
933 299 1024 336 tam

193 363 344 391 amans
363 362 452 390 non
471 348 691 390 redamet?
721 350 827 400 Quis
846 355 937 391 tam
957 363 1022 391 ca-

193 411 310 447 stum
328 418 417 446 non
437 405 751 458 amplectatur?
779 405 873 447 Nos
892 406 1023 457 igitur

193 461 337 503 adhuc
358 462 402 501 in
422 463 609 514 cerpore
633 463 870 511 manentes,
890 475 1022 513 quan-

192 523 286 558 tum
313 519 567 569 possumus,
595 519 802 567 amemus,
829 517 1023 559 redame-

191 586 299 623 mus,
322 573 638 624 amplectamur
656 573 931 614 vulneratum
949 586 1023 614 no-

193 634 346 678 strum,
376 629 496 678 cujus
521 629 643 680 impii
670 629 876 679 agricolae
904 629 1023 670 fode-

192 690 292 726 runt
310 697 464 725 manus
484 689 528 726 et
551 684 700 736 pedes,
723 685 837 727 latus
857 691 901 726 et
921 686 1024 726 Cor:

193 744 458 792 stemiquue,
477 746 526 782 ut
546 753 622 781 cor
640 746 847 789 nostrum,
868 741 1024 782 durum

193 797 337 838 adhuc
364 802 408 838 et
435 797 734 848 impoenitens,
767 798 929 838 amoris
958 798 1025 838 sui

191 853 366 894 vinculo
382 855 694 903 constringere,
715 858 758 894 et
777 853 919 904 jaculo
935 853 1024 894 vul-

192 911 347 950 nerare
375 908 587 959 dignetur.
624 910 765 959 Quam
797 910 1025 950 caritatem

194 964 358 1005 Christi
394 965 616 1016 patientis,
655 970 699 1005 et
735 977 817 1016 pro
852 966 1024 1015 generis

191 1020 371 1061 humani
387 1020 691 1072 redemptione
710 1021 948 1070 morientis,
963 1026 1023 1062 at-

194 1089 279 1127 que
298 1077 342 1116 in
361 1089 452 1117 suae
471 1077 625 1117 mortis
645 1078 1023 1119 commemoratio-

191 1145 292 1173 nem
310 1132 577 1173 instituentis
593 1135 915 1174 sacramentum
931 1136 1022 1174 cor-

191 1189 313 1240 poris
347 1193 390 1229 et
422 1189 643 1238 sanguinis
676 1189 758 1238 sui,
790 1194 838 1230 ut
870 1189 1023 1230 fideles

192 1244 273 1285 sub
288 1244 551 1286 sanctissimi
563 1245 718 1286 Cordis
734 1245 935 1297 symbolo
952 1245 1023 1287 de-

192 1300 337 1341 votius
356 1313 407 1341 ac
426 1301 666 1341 ferventius
686 1301 893 1350 recolant,
916 1302 1024 1353 ejus-

193 1355 382 1407 demque
397 1356 564 1397 fructus
578 1356 756 1398 uberius
767 1357 1024 1409 percipiant,

194 1412 395 1453 Clemens
417 1411 612 1453 decimus
630 1413 797 1462 tertius,
821 1413 1026 1454 Pentifex

192 1467 421 1517 Maximus,
436 1468 633 1519 ejusdem
647 1469 910 1510 sanctissimi
921 1469 1024 1510 Cor-

193 1523 261 1564 dis
289 1524 449 1565 festum
479 1524 743 1576 quibusdam
771 1525 1025 1577 petentibus

191 1579 401 1620 Ecclesiis
448 1581 672 1622 celebrare
717 1581 932 1632 permisit,
974 1595 1025 1622 ac

193 1634 383 1686 denique
428 1636 631 1677 Summus
672 1637 878 1678 Pontifex
921 1637 1025 1678 Pius

192 1703 333 1731 nonus
356 1690 466 1733 illud
485 1691 542 1734 ad
561 1692 811 1734 universam
829 1692 1025 1734 extendit

193 1746 447 1788 Ecclesiam.

248 1816 297 1865 Ιςν.
323 1812 534 1853 Auferam
580 1825 658 1853 cor
701 1813 925 1865 lapideum
969 1813 1025 1855 de

194 1880 323 1908 carne
357 1872 519 1918 vestra,
553 1874 597 1909 et
630 1868 747 1910 dabo
783 1869 911 1910 vobis
950 1882 1026 1910 cor

194 1925 413 1964 carneum:
433 1927 454 1950 *
476 1925 532 1966 Et
558 1925 759 1977 spiritum
783 1938 930 1966 meum
949 1938 1025 1977 po-

195 1992 295 2019 nam
320 1980 364 2020 in
382 1980 529 2021 medio
548 1981 694 2022 vestri.
722 1978 768 2028 V.
792 1980 1026 2022 Effundam

195 2048 327 2087 super
341 2049 422 2077 vos
443 2049 602 2088 aquam
617 2038 772 2086 vivam,
789 2042 833 2078 et
846 2037 1024 2079 munda-

194 2090 346 2132 bimini
373 2091 429 2133 ab
458 2092 661 2133 amnibus
688 2093 1025 2144 inquinamentis

195 2147 364 2187 vestris.
392 2149 458 2188 Et.
489 2148 640 2190 (ileria
659 2150 789 2190 Patri.
816 2149 885 2190 Et.

421 2224 468 2260 In
488 2223 557 2261 ΙΙΙ.
579 2224 800 2262 Nocturno.

248 2286 346 2325 Ant,
376 2284 719 2327 Misericordiam
735 2291 779 2327 et
794 2286 1025 2328 veritatem

196 2338 336 2389 diligit
368 2339 504 2380 Deus:
540 2342 725 2390 gratiam
762 2347 806 2383 et
841 2342 1025 2392 gleriam

196 2393 318 2436 dabit
336 2395 563 2436 Dominus.

464 2461 663 2500 Psalmus
693 2464 757 2501 83.

194 2527 422 2674 Quam
450 2529 610 2571 dilecta
637 2530 921 2572 tabernacula
949 2537 1024 2573 tua

336 2585 526 2627 Demine
558 2586 784 2627 virtutum:
811 2587 835 2612 *
867 2600 1022 2629 concu-

336 2641 482 2693 piscit,
513 2646 557 2683 et
585 2641 733 2683 deficit
759 2642 902 2683 anima
926 2656 1024 2684 mea

194 2696 239 2736 in
265 2697 376 2738 atria
398 2697 588 2738 Demini.

802 205 807 209 ”
868 204 923 238 Ss.
950 204 1089 238 Cordis
1115 204 1218 237 LIesu.

1131 295 1221 338 Cor.
1237 307 1398 344 meum,
1418 300 1462 336 et
1482 308 1585 337 caro
1604 309 1705 338 mea
1722 297 1747 323 *
1765 297 1906 339 exsul-

1077 352 1281 392 taverunt
1299 351 1343 391 in
1362 351 1507 392 Deum
1523 352 1682 393 vivum.
1883 352 1890 358 ’

1129 407 1305 448 Etenim
1335 419 1489 459 passer
1519 407 1684 450 invenit
1716 408 1799 450 sibi
1832 408 1907 450 do-

1077 476 1211 504 mum:
1235 463 1259 488 *
1283 468 1326 504 et
1352 467 1498 504 turtur
1524 463 1675 505 nidum
1701 464 1800 514 sibi,
1832 465 1908 506 ubi

1077 523 1215 571 ponat
1233 518 1379 571 pullos
1399 532 1513 560 suos.

1129 574 1300 615 Altaria
1323 579 1400 616 tua
1417 575 1608 617 Domine
1633 576 1859 619 virtutum:
1884 578 1907 602 *

1077 631 1176 671 Rex
1194 643 1328 680 meus,
1349 635 1392 672 et
1410 631 1531 672 Deus
1550 645 1686 673 meus.

1129 686 1272 736 Beati,
1302 687 1376 738 qui
1394 686 1595 729 habitant
1614 688 1658 729 in
1680 688 1814 730 domo
1832 693 1909 731 tua

1078 742 1281 784 Domine:
1313 743 1336 769 *
1368 744 1412 783 in
1449 744 1611 785 saecula
1645 744 1909 786 saeculerum

1077 798 1320 840 laudabunt
1337 803 1392 840 te.

1129 855 1295 896 Beatus
1327 855 1414 905 vir,
1447 856 1567 907 cujus
1600 861 1667 897 est
1701 856 1910 898 auxilium

1079 910 1158 951 abs
1177 915 1235 952 te:
1254 911 1278 936 *
1298 912 1579 953 ascensiones
1602 913 1646 952 in
1670 913 1805 955 corde
1830 926 1908 954 suo

1080 966 1317 1018 disposuit,
1345 967 1390 1007 in
1417 967 1531 1009 valle
1558 968 1838 1010 lacrimarum
1865 970 1909 1010 in

1078 1021 1190 1072 loco,
1211 1035 1341 1074 quem
1360 1024 1521 1075 posuit.

1130 1078 1305 1119 Etenim
1327 1078 1681 1120 benedicti6nem
1707 1080 1830 1122 dabit
1851 1081 1909 1122 le-

1077 1134 1277 1184 gislator,
1306 1134 1431 1175 ibunt
1455 1134 1511 1176 de
1530 1136 1691 1177 virtute
1714 1136 1759 1176 in
1777 1137 1910 1178 virtu-

1077 1194 1182 1231 tem:
1205 1190 1229 1215 *
1255 1190 1476 1232 videbitur
1502 1191 1625 1233 Deus
1654 1191 1839 1234 deorum
1865 1193 1911 1234 in

1079 1245 1194 1287 Sion.

1130 1301 1319 1343 Domine
1350 1302 1473 1343 Deus
1505 1302 1719 1344 virtutum
1751 1304 1911 1346 exaudi

1079 1357 1324 1399 orati6nem
1347 1370 1506 1399 meam:
1525 1359 1549 1384 *
1569 1358 1748 1400 alitibus
1771 1360 1909 1412 perci-

1077 1426 1134 1465 pe
1154 1414 1275 1455 Deus
1294 1413 1445 1455 Jacob.

1130 1469 1363 1511 Protector
1386 1475 1538 1512 noster
1561 1470 1709 1522 aspice
1731 1471 1868 1512 Deus:
1887 1473 1911 1498 *

1080 1530 1123 1566 et
1141 1525 1311 1577 respice
1330 1525 1374 1566 in
1392 1525 1550 1567 faciem
1570 1526 1732 1568 Christi
1748 1527 1827 1568 tui:

1132 1581 1243 1631 Quia
1261 1581 1417 1622 melior
1435 1587 1502 1623 est
1518 1582 1612 1624 dies
1628 1595 1715 1624 una
1728 1583 1774 1623 in
1789 1583 1910 1624 atriis

1077 1636 1176 1685 tuis,
1195 1637 1219 1662 *
1239 1649 1372 1688 super
1391 1637 1537 1678 millia.

1128 1693 1254 1743 Elegi
1273 1693 1469 1745 abjectus
1489 1707 1586 1735 esse
1608 1695 1653 1734 in
1672 1694 1806 1736 domo
1826 1695 1911 1736 Dei

1078 1749 1179 1789 mei:
1197 1750 1221 1774 *
1241 1749 1379 1800 magis
1404 1762 1536 1801 quam
1559 1749 1758 1791 habitare
1780 1750 1825 1791 in
1848 1755 1910 1792 ta-

1077 1803 1328 1846 bernaculis
1347 1807 1644 1857 peccaterum.

1131 1860 1243 1910 Quia
1252 1860 1610 1910 misericerdiam,
1625 1867 1669 1902 et
1679 1862 1911 1903 veritatem

1079 1914 1218 1966 diligit
1236 1916 1372 1957 Deus:
1391 1917 1415 1942 *
1433 1917 1635 1968 gratiam,
1659 1922 1703 1959 et
1726 1917 1911 1968 gloriam

1079 1971 1201 2013 dabit
1219 1972 1447 2013 Deminus.

1129 2027 1231 2068 Non
1250 2028 1442 2080 privabit
1460 2028 1590 2070 bonis
1611 2041 1703 2078 eos,
1730 2029 1804 2081 qui
1823 2032 1910 2071 am-

1077 2084 1231 2125 bulant
1248 2084 1291 2124 in
1306 2084 1568 2126 innocentia:
1583 2085 1608 2111 *
1622 2085 1812 2126 Domine
1827 2086 1909 2126 vir-

1077 2143 1238 2189 tutum,
1269 2139 1427 2181 beatus
1459 2140 1614 2190 homo,
1649 2141 1724 2192 qui
1761 2146 1911 2193 sperat

1077 2196 1121 2236 in
1148 2201 1203 2237 te.

1132 2254 1230 2293 Ant.
1261 2252 1606 2294 Misericordiam
1621 2257 1665 2294 et
1679 2253 1910 2294 veritatem

1078 2308 1219 2358 diligit
1254 2308 1390 2349 Deus:
1427 2308 1612 2358 gratiam
1650 2314 1693 2350 et
1724 2308 1909 2359 gloriam

1078 2363 1202 2406 dabit
1220 2363 1449 2404 Dominus.

1131 2420 1229 2459 Ant.
1274 2420 1486 2460 D6minus
1517 2419 1641 2462 dabit
1668 2419 1907 2470 benignita-

1076 2479 1183 2516 tem:
1224 2475 1429 2527 loquetur
1466 2488 1621 2528 pacem
1653 2475 1697 2516 in
1732 2475 1908 2527 plebem

1077 2544 1210 2572 suam.
1364 2533 1366 2535 ’

1355 2584 1550 2622 l'salmus
1571 2584 1636 2621 84.

1080 2637 1392 2739 Benedixisti
1403 2644 1591 2685 Domine
1599 2648 1764 2685 terram
1773 2648 1908 2685 tuam:

1179 2700 1202 2725 *
1217 2700 1415 2741 avertisti
1436 2699 1738 2752 captivitatem
1756 2698 1908 2741 Jacob.
