2040 2976
742 206 940 240 Dominiea
966 208 1021 239 ὃς.
1046 206 1254 240 Trinitatis.
1787 212 1849 247 137
1893 235 1895 238 .

157 304 265 355 ejus:
291 305 316 330 *
345 308 389 344 et
417 302 617 344 viderunt
644 316 794 344 omnes
822 303 975 356 populi

154 358 337 409 gloriam
365 360 465 412 ejus.

208 415 538 457 Confundantur
577 428 746 466 omnes,
788 417 862 467 qui
902 416 973 458 ad-

155 473 281 513 orant
308 471 541 524 sculptilia:
568 473 592 498 *
620 476 663 513 et
692 472 766 524 qui
790 472 974 523 glorian-

153 532 223 569 tur
241 527 285 569 in
305 527 543 570 simulacris
567 528 666 569 suis.

203 583 401 626 Adorate
417 597 516 626 eum
531 597 682 626 omnes
696 585 853 635 Angeli
869 586 974 638 ejus:

154 640 178 665 *
197 639 372 690 audivit,
392 646 436 682 et
452 640 601 682 laetata
621 646 687 682 est
705 640 819 682 Sion.

203 696 260 738 Et
288 696 611 738 exsultaverunt
644 696 745 738 filiae
779 697 804 738 J
805 696 921 748 udae,
949 699 972 724 *

152 758 334 805 propter
351 751 508 805 judicia
525 758 600 794 tua
618 753 820 794 Domine:

205 808 418 858 Quoniam
435 813 482 850 tu
496 809 709 850 Dominus
723 809 973 851 Altissimus

154 877 285 917 super
310 877 483 906 omnem
505 870 681 907 terram:
705 867 729 892 *
753 865 878 906 nimis
904 878 972 907 ex-

153 920 311 963 altatus
331 933 378 962 es
398 934 530 974 super
549 935 701 963 omnes
722 921 841 964 deos.

204 977 287 1028 Qui
302 976 478 1029 diligitis
491 978 736 1029 Dominum,
752 978 870 1020 odite
887 992 972 1020 ma-

151 1033 256 1075 lum:
283 1035 307 1060 *
340 1033 530 1076 custodit
562 1035 775 1076 Dominus
809 1035 972 1076 animas

152 1092 401 1132 sanctorum
424 1093 611 1141 suorum,
638 1090 692 1133 de
719 1104 850 1133 manu
874 1104 973 1144 pec-

152 1147 310 1188 catoris
328 1146 530 1188 liberabit
549 1160 637 1188 eos.

201 1203 298 1244 Lux
325 1209 422 1245 orta
453 1208 520 1245 est
552 1205 684 1256 justo,
717 1205 740 1231 *
769 1209 812 1245 et
843 1204 973 1246 rectis

152 1259 284 1301 corde
311 1259 472 1301 laetitia.

202 1315 429 1357 Laetamini
455 1315 555 1368 justi
581 1315 625 1356 in
649 1315 855 1357 Domino:
880 1316 904 1341 *
930 1320 973 1357 et

151 1371 417 1413 confitemini
443 1371 665 1413 memoriae
700 1371 971 1413 sanctificati-

153 1428 248 1469 onis
276 1428 378 1480 ejus.

204 1492 302 1534 Ant.
360 1493 502 1537 Verax
535 1499 603 1536 est
633 1495 780 1546 Pater,
811 1496 971 1537 veritas

150 1551 302 1602 Filius,
328 1553 487 1593 veritas
515 1551 701 1604 Spiritus
728 1558 917 1603 sanetus,
945 1566 971 1594 o

149 1607 280 1650 beata
297 1608 500 1650 Trinitas.

205 1674 305 1715 Ant.
332 1674 468 1726 Pater,
495 1681 537 1718 et
555 1676 700 1727 Filius,
723 1682 767 1719 et
785 1677 971 1730 Spiritus

151 1738 326 1775 sanctus
341 1746 426 1775 una
445 1732 688 1775 substantia
707 1739 783 1784 est,
801 1746 826 1775 o
842 1734 971 1776 beata

149 1789 350 1831 Trinitas.

416 1860 614 1901 Psalmus
642 1860 706 1900 97.

229 1939 376 1979 antate
406 1938 596 1979 Domino
638 1937 855 1979 canticum
893 1951 967 1979 no-

243 2007 359 2035 vum:
386 1994 409 2020 *
439 1994 540 2046 quia
568 1993 784 2035 mirabilia
810 1994 923 2035 fecit.

199 2050 393 2092 Salvavit
420 2050 503 2092 sibi
531 2050 712 2091 dextera
739 2051 846 2102 ejus:
875 2052 898 2078 *
927 2055 970 2092 et

149 2105 375 2147 brachium
394 2111 592 2148 sanctum
611 2106 711 2158 ejus.

199 2162 366 2203 Notum
398 2162 500 2204 fecit
531 2162 745 2204 Dominus
781 2161 969 2203 salutare

150 2230 290 2259 suum:
314 2219 338 2246 *
359 2219 404 2259 in
423 2220 663 2271 conspectu
682 2218 886 2259 Gentium
905 2230 967 2259 re·
1124 2219 1140 2233 ‘²

149 2274 309 2316 velavit
326 2274 534 2326 justitiam
552 2287 686 2315 suam.

199 2329 475 2372 Recordatus
533 2335 600 2372 est
657 2328 968 2371 misericordiae

150 2399 255 2436 suae,
283 2388 306 2413 *
335 2391 378 2427 et
401 2387 596 2428 veritatis
620 2399 710 2427 suae
736 2385 885 2427 domui
907 2386 967 2426 Is-

149 2443 250 2484 rael.

201 2499 418 2541 Viderunt
437 2511 588 2541 omnes
607 2498 779 2540 termini
797 2503 926 2539 terrae
945 2498 968 2524 *

150 2555 338 2597 salutare
357 2556 440 2597 Dei
459 2555 608 2596 nostri.

200 2611 224 2652 J
226 2611 389 2653 ubilate
407 2612 504 2652 Deo
525 2612 664 2652 omnis
682 2616 810 2652 terra:
829 2612 852 2637 *
872 2623 967 2652 can-

149 2669 250 2717 tate,
271 2672 314 2709 et
332 2667 557 2716 exsultate,
577 2672 620 2709 et
639 2667 823 2720 psallite.

199 2723 379 2765 Psallite
404 2724 594 2765 Domino
628 2724 672 2764 in
708 2722 891 2773 eithara,
925 2724 968 2764 in

303 2865 366 2889 Pars
381 2866 488 2890 AEstiva.

1028 304 1193 346 cithara
1217 311 1260 346 et
1284 319 1393 348 voce
1417 308 1587 359 psalmi:
1612 310 1635 334 *
1661 309 1704 348 in
1729 308 1845 349 tubis
1894 317 1895 320 ’

1028 360 1272 412 ductilibus,
1292 367 1335 403 et
1354 376 1461 404 voce
1479 364 1597 405 tubae
1618 366 1799 406 corneae.

1078 417 1268 460 Jubilate
1291 419 1335 459 in
1362 422 1599 472 conspectu
1625 421 1740 471 regis
1759 420 1846 462 Do·
1894 438 1896 440 ’

1026 473 1147 513 mini:
1175 474 1199 499 *
1223 478 1451 516 moveatur
1478 489 1614 526 mare,
1644 482 1687 518 et
1712 476 1845 529 pleni·
1894 509 1895 513 ,

1026 528 1134 570 tudo
1163 531 1268 582 ejus:
1301 531 1419 573 orbis
1447 534 1673 583 terrarum,
1703 538 1746 575 et
1774 533 1846 585 qui
1894 577 1896 581 Α

1025 584 1223 627 habitant
1241 587 1285 627 in
1306 600 1370 629 eo.
1894 588 1896 594 “

1076 641 1274 684 Flamina
1305 644 1514 695 plaudent
1541 657 1688 694 manu,
1721 644 1846 685 simul
1893 671 1895 674 <

1025 704 1195 740 montes
1233 700 1512 742 exsultabunt
1545 714 1570 741 a
1606 703 1845 753 conspeetu

1025 755 1217 796 Domini:
1240 757 1264 783 *
1288 757 1493 808 quoniam
1517 757 1634 798 venit
1654 757 1844 808 judicare

1025 816 1197 852 terram.

1077 868 1297 911 Judicabit
1321 870 1472 911 orbem
1495 872 1707 912 terrarum
1727 870 1770 910 in
1789 871 1844 922 ju-

1026 925 1153 975 stitia,
1172 927 1196 953 *
1216 930 1259 967 et
1278 926 1468 979 populos
1485 927 1529 967 in
1548 927 1765 978 aequitate.

1083 994 1180 1033 Ant.
1208 993 1343 1046 Pater,
1368 1000 1411 1037 et
1430 995 1574 1045 Filius,
1599 1000 1642 1037 et
1661 995 1846 1047 Spiritus

1025 1056 1200 1094 sanctus
1219 1066 1305 1094 una
1324 1053 1565 1095 substantia
1585 1058 1661 1102 est,
1677 1065 1703 1093 o
1718 1051 1847 1093 beata

1025 1107 1226 1151 Trinitas.
1893 1112 1895 1114 ’

1079 1166 1128 1217 V-
1162 1173 1312 1215 Verbo
1346 1174 1520 1215 Domini
1558 1174 1656 1215 coeli
1688 1174 1847 1215 firmati
1892 1211 1894 1213 .

1025 1234 1135 1270 sunt.
1170 1228 1217 1268 R·.
1239 1231 1296 1271 Et
1308 1231 1471 1283 Spiritu
1487 1230 1573 1272 oris
1591 1231 1691 1282 ejus,
1707 1230 1846 1271 omnis

1025 1285 1160 1326 virtus
1182 1288 1341 1327 eorum.
1892 1293 1894 1295 ’

1026 1366 1175 1410 Lectio
1202 1369 1338 1410 sancti
1358 1368 1583 1420 Evangelii
1606 1368 1845 1410 secundum

1301 1425 1566 1467 Matthaeum.

1128 1489 1277 1530 Lectio
1299 1489 1366 1529 vii.
1501 1488 1602 1539 Cap.
1621 1488 1684 1527 28.
1706 1486 1743 1527 d.

1022 1559 1099 1665 In
1117 1564 1191 1606 illo
1207 1566 1418 1617 tempore:
1446 1564 1567 1605 Dixit
1580 1564 1604 1604 J
1607 1576 1706 1605 esus
1721 1564 1844 1606 disei-

1095 1621 1210 1673 pulis
1230 1622 1332 1662 suis:
1363 1621 1479 1662 Data
1498 1625 1564 1662 est
1581 1620 1685 1661 mihi
1704 1622 1842 1662 omnis

1023 1679 1220 1730 potestas
1235 1678 1279 1718 in
1294 1677 1407 1719 coelo
1424 1682 1467 1719 et
1481 1677 1524 1717 in
1538 1681 1664 1717 terra.
1680 1678 1844 1719 Euntes

1024 1746 1128 1785 ergo
1153 1733 1307 1776 docete
1332 1747 1481 1775 omnes
1507 1733 1682 1783 Gentes,
1706 1733 1843 1786 bapti-

1023 1792 1172 1832 zantes
1194 1803 1269 1832 eos
1289 1791 1331 1831 in
1350 1790 1524 1831 nomine
1541 1790 1695 1839 Patris,
1716 1794 1759 1831 et
1778 1790 1844 1830 Fi-

1023 1846 1079 1897 lii,
1099 1852 1142 1888 et
1160 1847 1344 1899 Spiritus
1364 1846 1511 1888 sancti.
1543 1846 1599 1887 Et
1617 1846 1793 1898 re'liqua.

1146 1927 1335 1970 Homilia
1359 1927 1496 1969 sancti
1523 1927 1724 1979 Gregorii

1295 1983 1568 2026 Nazianzeni.

1114 2048 1158 2081 In
1179 2048 1358 2081 Tractatu
1384 2046 1430 2079 de
1455 2046 1539 2087 fide,
1563 2048 1652 2087 post
1677 2044 1756 2078 init.

1034 2109 1214 2171 §sy-„zm
1235 2103 1547 2147 catholicorum
1564 2104 1744 2155 ignorat,
1764 2105 1841 2145 Pa-

1052 2161 1114 2204 rii-⁶⁸55
1135 2208 1141 2219 ⁴
1173 2167 1285 2203 trem
1313 2174 1415 2203 vere
1443 2174 1538 2202 esse
1566 2161 1751 2213 Patrem,
1776 2161 1841 2200 Fi-

1173 2218 1278 2259 lium
1312 2230 1414 2259 vere
1452 2230 1546 2259 esse
1582 2216 1757 2266 Filium,
1800 2221 1843 2258 et

1021 2274 1227 2326 Spiritum
1252 2279 1448 2315 sanctum
1473 2286 1575 2315 vere
1595 2285 1692 2314 esse
1710 2273 1840 2325 Spiri-

1020 2336 1112 2372 tum
1137 2329 1357 2372 sanctum?
1381 2331 1492 2371 sicut
1515 2330 1611 2382 ipse
1629 2329 1841 2370 Dominus

1021 2386 1077 2428 ad
1108 2386 1350 2439 Apostolos
1384 2398 1486 2427 suos
1521 2385 1639 2427 dicit:
1677 2385 1840 2425 Euntes

1020 2443 1242 2496 baptizate
1258 2455 1407 2484 omnes
1423 2443 1588 2484 Gentes
1606 2442 1650 2482 in
1667 2440 1840 2481 nomine

1020 2499 1175 2548 Patris,
1203 2503 1246 2540 et
1274 2499 1381 2548 Filii,
1410 2503 1454 2539 et
1480 2497 1665 2550 Spiritus
1693 2495 1838 2537 sancti.

1020 2556 1130 2596 Haec
1157 2560 1223 2596 est
1247 2555 1442 2608 perfecta
1465 2554 1655 2594 Trinitas
1682 2552 1724 2592 in
1751 2551 1838 2592 uni-

1020 2614 1110 2653 tate
1127 2614 1379 2660 consistens,
1392 2623 1521 2662 quam
1534 2609 1699 2650 seilicet
1713 2609 1837 2647 unius

1021 2667 1276 2709 substantiae
1299 2667 1565 2719 profitemur.
1599 2665 1698 2705 Non
1724 2662 1837 2703 enim

1019 2737 1100 2765 nos
1119 2723 1358 2764 seeundum
1375 2724 1607 2774 corporum
1628 2718 1834 2760 conditio-

1593 2851 1632 2882 10
