2040 2976
588 204 659 237 Die
683 203 712 237 7.
738 204 843 237 Julii.
891 204 924 237 S.
950 203 1166 238 Pulcheriae
1193 204 1327 247 Imper.
1354 208 1390 238 et
1413 203 1518 247 Virg.

474 298 557 341 Die
577 299 614 340 7.
632 299 658 340 J
659 299 746 340 ulii.

191 364 234 405 S.
267 363 549 405 Pulcheriae
578 366 784 417 Imperat.
814 365 1018 416 Virginis.

519 426 683 468 Duplex.

241 475 378 509 Omnia
405 476 451 509 de
475 475 679 509 Communi
698 475 801 517 Virg.
830 473 903 518 [83]
921 486 1018 519 prac-

186 529 241 557 ter
265 525 477 567 sequentia.

524 571 690 613 Oratio.

278 639 374 677 eus,
420 627 495 679 qui
531 626 709 669 beatam
745 626 1022 668 Pulcheriam

309 684 540 735 Virginem
567 689 690 726 tuam
717 683 926 735 singulari
954 696 1020 724 03-

187 741 350 783 stitatis
365 743 661 794 praerogativa
677 740 909 790 decorasti,
931 741 1021 792 qui-

188 810 273 850 que
288 798 350 839 illi
365 797 422 840 ad
438 796 762 840 defendendam
775 797 1022 839 Ecclesiam

186 859 307 896 tuam
335 868 555 896 summum
581 855 688 897 fidei
720 857 917 896 amorem
948 855 1022 895 tri-

186 911 323 953 buere
360 912 556 954 voluisti:
594 911 807 963 concede3
844 916 893 952 ut
929 911 1021 963 ejus

185 968 516 1018 intercessione,
545 968 627 1010 tibi
652 968 776 1021 puris
801 966 1021 1009 mentibus

184 1024 468 1075 inhaerentes,
506 1025 560 1067 ab
601 1025 795 1066 omnium
828 1024 1022 1066 hostium

184 1081 356 1123 insidiis
391 1081 737 1125 misericorditer
774 1082 1021 1123 liberemur.

184 1139 270 1180 Per
299 1139 550 1181 Dominum.

234 1202 276 1235 In
309 1202 334 1235 Ῐ.
366 1202 566 1237 Nocturno
604 1203 808 1237 Lectiones
840 1203 886 1237 de
917 1203 1015 1237 Scri—

181 1256 294 1293 Ptlll‘il
321 1258 554 1285 OCCUI‘I‘CHKC.

382 1338 387 1343 ·
416 1319 464 1357 In
484 1319 534 1357 Π.
554 1317 779 1357 Nocturno.

485 1380 520 1419 I
524 1380 638 1421 ectio
659 1380 711 1419 iv.

194 1444 230 1490 ξς
272 1436 320 1489 ,ἵζ’
335 1431 431 1472 Ε113
454 1431 686 1473 Pulcheria
705 1432 920 1483 Augusta,
944 1447 1018 1498 pa-

194 1506 268 1537 s
351 1493 435 1538 tre,
463 1501 564 1538 avo,
598 1489 731 1531 fratre
761 1495 894 1542 atque
922 1491 1018 1532 viro

258 1541 295 1555 '⁴²
323 1554 325 1556 ·
354 1546 657 1587 Romanorum
676 1546 1019 1599 imperatoribus

184 1602 376 1644 maxime
420 1602 601 1653 nobilis,
647 1604 894 1656 profligatis
941 1618 1020 1647 sua

183 1659 431 1710 praesertim
457 1662 593 1712 opera
618 1659 930 1703 haereticorum
954 1675 1018 1704 er-

183 1714 369 1766 roribus,
385 1721 428 1758 et
443 1716 662 1758 catholico
679 1716 886 1769 dogmate
902 1719 1020 1761 circa

183 1772 504 1815 Incarnationis
537 1774 794 1826 mysterium
831 1780 875 1816 et
912 1775 1017 1817 divi-

183 1842 285 1870 nam
304 1830 630 1872 Maternitatem
651 1832 892 1874 constituto
911 1833 1017 1874 mul-

182 1890 229 1927 to
255 1886 456 1937 nobilior,
483 1887 661 1940 abipsa
684 1889 873 1941 pueritia
895 1895 1019 1932 tanta

183 1943 399 2008 sapientia
419 1919 628 1986 d'ivinitus
647 1945 836 1998 praedita
855 1946 947 1997 fuit,
971 1951 1018 1989 ut

183 1994 215 2039 ii
242 1999 400 2052 quibus
431 2006 536 2066 post
559 2002 742 2044 Arcadii
772 2004 913 2056 patris
942 2003 1018 2046 ob-

183 2055 312 2096 itum'
302 2058 473 2110 lmperii
483 2059 752 2111 procuratio,
766 2059 871 2102 dum
882 2060 1019 2103 Theo-

183 2112 334 2154 dosius
356 2113 650 2166 adolesceret,
674 2120 909 2159 commissa
927 2118 1017 2160 fue-

182 2174 262 2219 rat,
286 2170 377 2222 ejus
403 2171 620 2214 arbitratu
645 2174 792 2215 omnia
810 2174 1017 2227 facerent,

183 2227 389 2279 essetque
426 2234 634 2270 constans
671 2231 842 2283 opinio,
888 2235 1017 2275 unius

182 2282 390 2335 puellulae
409 2284 572 2327 virtute
593 2299 645 2328 30
665 2288 892 2340 sapientia,
918 2303 1017 2342 quae

182 2339 346 2381 instare
365 2341 529 2393 atque‘
518 2346 722 2394 mgruere
742 2345 1017 2397 videbantur,

182 2396 379 2464 pericula
414 2397 635 2449 discussa,
679 2406 723 2442 et
762 2401 1017 2445 felicitatem

181 2452 367 2506 imperio
401 2456 698 2498 constitutam.
743 2457 876 2500 Domi
912 2463 1016 2502 assi-

183 2508 269 2550 dua
302 2509 550 2564 disciplinae
578 2514 793 2565 exactrix,
826 2528 924 2558 eam
956 2517 1016 2559 vi—

182 2565 314 2608 vendi
339 2567 526 2609 formam
551 2569 738 2619 induxit,
763 2577 811 2613 ut
835 2572 942 2614 illa
932 2587 1017 2625 jam

181 2635 270 2664 non
294 2623 393 2665 aula
416 2625 734 2678 imperatorum
753 2627 832 2669 sed
853 2633 1016 2672 ascete-

182 2679 294 2720 rium
308 2680 441 2732 vulgo
459 2681 690 2724 diceretur.
712 2683 1016 2727 Theodosium

139 2744 143 2748 ·
182 2735 375 2787 fratrem,
399 2737 663 2790 Eudoxiam,
690 2753 822 2792 quam
846 2741 908 2782 illi
927 2756 1014 2784 ma-

1076 298 1283 340 trimonio
1331 300 1680 352 conjungendam
1730 302 1909 352 curavit,

1075 354 1339 406 Flaccillam,
1355 355 1605 407 Arcadiam,
1619 357 1832 400 Marinam
1841 371 1909 400 so-

1075 414 1199 453 rores
1222 412 1284 454 ita
1307 412 1534 456 imbuebat
1552 413 1682 456 bonis
1699 414 1910 466 moribus,

1075 469 1401 522 exercebatque
1425 470 1483 513 ad
1506 471 1725 522 virtutem,
1750 476 1799 514 ut
1819 472 1909 524 qui-

1074 525 1157 567 bus
1182 528 1314 568 aetate
1333 539 1422 568 non
1445 528 1631 571 multum
1654 528 1910 582 praestabat,

1075 584 1229 624 eorum
1273 583 1547 627 moderatrix
1588 599 1640 628 30
1674 587 1909 639 propemo-

1075 638 1180 680 dum
1195 645 1336 682 mater
1356 653 1453 683 esse
1469 641 1704 684 videretur.
1734 643 1860 693 Qua'
1849 656 1909 683 1n·

1074 696 1300 739 stitutione
1327 700 1504 740 sorores
1530 704 1743 751 quantum
1765 699 1910 752 profe-

1074 754 1224 804 cerint,
1245 754 1315 796 vel
1333 767 1388 796 ex
1406 754 1492 797 hoc
1507 768 1595 797 uno
1610 756 1795 808 intelligi
1813 761 1909 809 pot-

1075 815 1157 860 est,
1188 810 1309 863 quod
1332 811 1610 854 Pulcheriam
1633 812 1834 863 imitatae,
1862 825 1910 854 se

1074 868 1288 920 suamque
1321 868 1618 919 virginitatem
1645 869 1744 911 Deo
1777 869 1910 911 devo-

1074 925 1246 966 verunt:
1282 930 1419 976 utque
1457 926 1660 977 Augusta
1694 926 1820 978 virgo
1858 939 1911 968 ea

1075 993 1174 1032 quae
1194 981 1451 1024 decreverat
1469 983 1658 1035 amplius
1678 983 1909 1025 confirma-

1074 1042 1157 1087 ret,
1191 1040 1433 1091 omnesque
1461 1039 1701 1081 voluntatis
1728 1053 1820 1082 suae
1847 1045 1909 1082 te-

1074 1099 1165 1136 stes
1190 1094 1390 1146 haberet,
1419 1109 1475 1138 ex
1499 1109 1607 1138 auro
1634 1102 1678 1138 et
1702 1097 1910 1150 pretiosis

1073 1150 1295 1204 lapidibus
1333 1166 1505 1195 sacram
1535 1166 1735 1195 mensam
1764 1154 1809 1195 in
1842 1167 1909 1196 00-

1073 1208 1208 1250 clesia
1220 1209 1712 1263 Constantinopolitana
1723 1224 1809 1264 pro
1824 1211 1908 1253 vir-

1072 1265 1254 1317 ginitate
1279 1280 1360 1308 sua
1383 1271 1427 1309 et
1450 1267 1599 1309 fratris
1623 1267 1812 1321 imperio
1837 1267 1909 1310 de-

1073 1322 1249 1373 dicavit,
1274 1328 1318 1366 et
1342 1324 1386 1365 in
1413 1324 1556 1366 fronte
1580 1324 1720 1378 ipsius
1743 1337 1909 1366 mensae

1072 1379 1169 1422 haec
1189 1380 1345 1422 eadem
1363 1381 1599 1434 inscripsit.

1124 1439 1175 1491 R.
1189 1438 1379 1491 Propter
1393 1439 1637 1490 veritatem,
1653 1444 1697 1481 et
1711 1452 1909 1481 mansue-

1071 1494 1280 1545 tudinem,
1302 1500 1346 1537 et
1365 1496 1588 1547 justitiam:
1603 1499 1628 1525 *
1646 1497 1704 1538 Et
1718 1495 1910 1538 deducet

1071 1556 1115 1592 te
1134 1551 1391 1594 mirabiliter
1411 1553 1595 1595 dextera
1612 1558 1700 1595 tua.
1728 1549 1780 1602 V.
1802 1554 1908 1607 Spe·

1072 1607 1137 1649 cie
1157 1613 1234 1650 tua
1253 1614 1297 1651 et
1318 1610 1645 1662 pulchritudine
1663 1615 1750 1660 tua,
1772 1611 1908 1653 inten-

1072 1662 1139 1715 de,
1154 1667 1369 1719 prospere
1385 1666 1592 1720 procede,
1607 1672 1652 1710 et
1666 1680 1812 1719 regna.
1839 1668 1908 1710 Et.

1382 1729 1535 1770 Lectio
1556 1743 1594 1770 v.

1157 1779 1271 1820 otior
1297 1784 1445 1822 autem
1469 1782 1561 1832 ejus
1586 1781 1631 1822 in
1649 1780 1907 1823 Theodosio

1183 1836 1454 1879 instituendo
1480 1838 1618 1880 eluxit
1643 1851 1763 1888 cura;
1789 1841 1906 1880 eum-

1073 1905 1170 1944 que,
1195 1892 1270 1934 ubi
1297 1906 1410 1946 opus
1430 1900 1560 1945 esset,
1585 1895 1696 1937 mira
1716 1894 1908 1947 quadam

1072 1948 1336 1992 dexteritate
1352 1951 1617 2002 corrigebat3
1639 1952 1714 2004 qui
1729 1951 1908 2005 quidem

1071 2006 1173 2047 talis
1206 2011 1274 2048 est
1311 2007 1514 2058 effectuS‚
1552 2014 1601 2051 ut
1637 2008 1907 2053 absolutissi-

1071 2076 1191 2104 mum
1237 2065 1393 2117 optimi
1443 2067 1636 2118 vereque
1682 2065 1907 2108 christiani

1071 2121 1283 2174 principis
1295 2122 1521 2176 exemplar
1535 2123 1676 2174 fuerit,
1693 2123 1798 2165 dum
1808 2123 1906 2165 Pul-

1072 2176 1232 2219 cheriae
1244 2178 1439 2220 consiliis
1451 2184 1518 2222 est
1529 2179 1780 2222 obsecutus.
1799 2180 1907 2222 Post

1072 2232 1323 2276 diuturnam
1344 2249 1443 2277 cum
1458 2236 1594 2278 fratre
1610 2236 1906 2288 concordiam,

1070 2291 1210 2333 turbis
1243 2292 1563 2335 malevolorum
1591 2293 1746 2336 fraude
1772 2299 1906 2347 atque

1071 2347 1394 2391 obtrectatione
1446 2350 1489 2391 in
1542 2350 1641 2392 aula
1691 2351 1906 2401 excitatis,

1069 2410 1246 2458 tempus
1276 2411 1425 2456 nacta,
1464 2420 1552 2460 quo
1589 2407 1674 2449 sibi
1704 2409 1790 2459 iam
1822 2408 1906 2458 uni,

1070 2461 1259 2515 Deoque
1282 2465 1441 2505 vacare
1465 2470 1630 2516 posset,
1657 2464 1840 2506 secessit
1862 2464 1906 2505 in

1069 2518 1366 2570 Hebdomum,
1391 2520 1537 2562 locum
1563 2521 1780 2574 Byzantio
1806 2521 1904 2563 sub-

1070 2575 1297 2627 urbanum,
1317 2576 1468 2629 ibique
1482 2578 1618 2620 vitam
1639 2590 1772 2629 agens
1791 2590 1905 2631 pene

1068 2633 1360 2674 monasticam
1393 2634 1665 2686 aliquamdiu
1696 2647 1743 2677 se
1770 2637 1905 2677 conti-

1069 2689 1178 2739 nuit3
1194 2702 1293 2730 cum
1309 2703 1415 2731 vero
1432 2690 1618 2732 felicitas
1633 2691 1807 2744 imperii
1819 2704 1905 2733 una

1069 2757 1170 2786 cum
1198 2758 1251 2787 ea
1277 2746 1518 2797 exsularet,
1546 2760 1573 2788 a
1599 2747 1734 2789 fratre
1759 2760 1903 2789 accer-
