2040 2976
247 300 441 353 Quaesita
459 298 543 348 jam
561 295 751 348 primum
769 291 879 334 fides

299 357 348 397 In
367 353 500 396 corde
519 352 690 394 radices
709 354 824 401 agat:

300 409 498 453 Secunda
517 421 618 462 spes
638 404 922 458 congaudeat,

300 469 395 518 Qua
413 467 551 518 maior
570 468 712 507 exstat
731 461 901 504 caritas.

248 542 342 580 Deo
359 536 479 578 Patri
498 535 555 576 sit
573 533 722 586 gloria,

298 594 490 645 Eiusque
510 591 593 632 soli
611 589 734 638 Filio,

302 651 410 692 Cum
429 648 593 701 Spiritu
610 644 842 693 ParaclitQ

300 706 438 755 Nunc,
458 709 501 746 et
555 716 601 745 er
620 714 747 743 omne
766 698 982 742 saeculum.

596 768 660 797 en.

248 822 299 873 V.
330 821 506 874 Repleti
531 832 678 862 sumus
703 829 829 859 mane
854 814 1017 856 miseri-

202 879 352 921 cordia
382 883 467 920 tua.
517 880 565 930 R.
601 873 941 921 Exsultavimus‚
975 874 1019 912 et

204 935 409 978 delectati
428 946 586 975 sumus.

254 993 324 1034 Ad
341 992 614 1034 Benedictus.
635 991 732 1030 Ant.
758 988 838 1027 Per
853 986 1021 1025 viscera

201 1048 226 1073 *
242 1046 554 1088 misericordiae
570 1044 652 1086 Dei
670 1043 809 1085 nostri
829 1039 1022 1083 visitavit

205 1116 284 1146 nos
307 1104 462 1146 Oriens
482 1116 535 1144 ex
554 1102 653 1143 alto.

245 1170 400 1210 Prema
432 1167 587 1211 quando
619 1166 794 1200 dicendcc
824 1169 926 1206 sunt,
958 1164 1021 1198 ha-

202 1219 339 1253 bentur
364 1227 479 1260 supra
504 1216 541 1250 in
565 1215 676 1250 Fcriu
700 1214 744 1248 Π.
769 1212 829 1247 50.

422 1295 834 1322 ——Q——d

289 1380 510 1424 sabbato
539 1379 603 1421 ad.
629 1378 947 1420 matutinum.

259 1449 380 1489 Invit.
408 1446 645 1488 Dominum
663 1446 805 1487 Deum
829 1449 1027 1486 nostrum

205 1507 227 1532 *
250 1504 419 1553 Venite,
440 1502 681 1544 adoremus.

263 1570 328 1610 Ps.
355 1569 525 1618 Venite,
545 1567 821 1610 exsultemus.
839 1567 875 1607 2.

512 1637 724 1689 Hymnus.

332 1716 488 1744 ummae
504 1703 668 1743 Parens
688 1701 940 1750 clementiae,

339 1758 489 1800 Mundi
509 1759 624 1809 regis
644 1758 719 1809 qui
737 1757 991 1808 machinam,

315 1816 452 1857 Unius
471 1820 514 1856 et
534 1814 802 1863 substantiae,

316 1872 563 1924 Trinusque
582 1870 782 1924 personis
800 1870 935 1911 Deus:

266 1942 451 1983 Nostros
470 1940 569 1994 pius
589 1953 688 1982 cum
706 1939 888 1981 conticis

316 1998 465 2040 Fletus
484 1997 669 2048 benigne
689 1996 878 2049 suscipe:

317 2055 375 2096 Ut
394 2053 527 2096 corde
547 2066 658 2106 puro
681 2053 878 2094 sordium

317 2111 381 2153 Te
398 2111 671 2164 perfruamur
690 2109 865 2161 largius.

267 2180 470 2229 Lumbos,
488 2180 693 2232 jecurque
711 2179 960 2221 morbidum

318 2236 523 2278 Flammis
543 2236 678 2278 adure
698 2236 914 2287 congruis,

319 2293 515 2334 Accincti
533 2298 581 2334 ut
601 2297 722 2334 artus
739 2292 955 2334 excubent

320 2350 445 2391 Luxu
463 2351 636 2391 remoto
654 2349 859 2401 pessimo.

267 2419 543 2470 Quimimque
562 2423 610 2460 ut
628 2418 759 2459 horas
776 2419 971 2460 noctium

321 2531 520 2572 Ditemur
540 2543 691 2572 omnes
710 2531 875 2572 offatim

321 2587 460 2628 Donis
478 2587 621 2628 beatae
639 2587 806 2639 patriae.

273 2657 450 2706 l'raesta,
469 2657 600 2697 Pater
618 2655 824 2708 piissime,

323 2713 528 2765 Patrique
548 2725 728 2764 compar
748 2713 895 2761 Unice,

761 196 930 231 Subbuto
955 194 1005 228 ad
1028 190 1264 227 Matutinum.

320 2475 446 2516 Nunc
466 2474 736 2516 concinendo
757 2475 1008 2527 rumpimus,
1045 2512 1049 2514 .

1171 283 1280 324 Cum
1299 277 1463 331 Spiritu
1479 273 1698 316 Paraclito

1169 339 1375 388 Regnans
1393 345 1474 386 per
1494 343 1622 373 omne
1643 328 1862 372 saeculum.

1377 390 1531 431 Amen.

1125 464 1224 504 Ant.
1244 457 1357 511 Quia
1372 452 1601 497 mirabilia.

1342 527 1542 570 Psalmus
1561 526 1627 567 97.

1077 606 1095 626 ‹··‘
1105 600 1180 646 ,14:301
1190 594 1337 635 antate
1356 589 1549 632 Domino
1577 587 1796 629 canticum
1820 599 1893 628 no-

1074 694 1075 698 ,
1106 645 1180 705 ,3
1206 662 1323 691 vum:
1341 648 1365 674 *
1386 646 1489 699 quia
1506 643 1723 686 mirabilia
1741 643 1856 686 fecit.

1074 682 1181 735 &3
1240 703 1435 746 Salvz'wit
1462 702 1547 744 sibi
1575 700 1758 743 dextera
1785 700 1895 752 ejus:

1069 765 1092 790 *
1112 770 1155 805 et
1171 760 1400 804 brachium
1419 763 1618 801 sanctum
1639 758 1740 810 ejus.

1121 820 1289 861 Notum
1320 816 1424 859 fecit
1451 815 1668 857 Dominus
1704 813 1896 855 salutare

1071 889 1210 918 suum:
1229 875 1253 901 *
1272 874 1316 915 in
1336 874 1579 925 conspectu
1599 870 1806 913 Gentium
1831 881 1896 911 re-

1071 932 1234 975 velavit
1252 930 1462 984 justitiam
1480 941 1614 970 suam.

1123 987 1400 1031 Recordatus
1461 990 1528 1028 est
1580 981 1898 1026 misericordiae

1074 1059 1179 1098 suae,
1201 1046 1224 1071 ¹⁸¹
1245 1049 1288 1087 et
1314 1043 1514 1086 veritatis
1543 1054 1635 1083 suae
1663 1040 1815 1083 domui
1837 1039 1898 1080 Is—

1073 1102 1176 1145 raeL

1126 1159 1346 1202 Viderunt
1364 1168 1517 1200 omnes
1539 1153 1713 1197 termini
1731 1158 1863 1195 terrae
1877 1152 1901 1178 *

1076 1216 1267 1258 salutare
1284 1215 1370 1257 Dei
1386 1212 1536 1255 nostri.

1127 1272 1318 1315 Jubilate
1333 1272 1432 1313 Deo
1453 1268 1595 1312 omnis
1615 1272 1748 1310 terra:
1765 1267 1790 1293 *
1805 1278 1902 1308 can-

1076 1333 1179 1380 tate,
1199 1334 1244 1371 et
1266 1328 1493 1377 e‘xsulteite,
1512 1330 1556 1368 et
1571 1323 1758 1378 psallite.

1128 1385 1309 1428 Psallite
1335 1383 1528 1426 Domino
1560 1382 1606 1423 in
1641 1380 1824 1431 cithara,
1860 1379 1905 1420 in

1078 1443 1246 1486 cithara
1274 1446 1317 1484 et
1343 1453 1455 1484 voce
1480 1437 1655 1493 psalmi:
1673 1438 1697 1464 *
1721 1437 1766 1478 in
1785 1435 1906 1479 tubis

1080 1499 1329 1549 ductilibus,
1349 1502 1393 1540 et
1411 1509 1522 1538 voce
1539 1494 1661 1537 tubae
1679 1496 1863 1536 corneae.

1131 1555 1322 1598 Jubilate
1348 1555 1393 1595 in
1416 1553 1658 1605 conspectu
1683 1549 1800 1602 regis
1818 1549 1906 1591 Do-

1079 1613 1200 1655 mini:
1218 1613 1242 1638 *
1261 1612 1491 1653 moveatur
1508 1620 1640 1658 mare,
1660 1611 1704 1649 et
1721 1605 1908 1660 plenitu-

1082 1670 1140 1712 do
1160 1670 1264 1722 ejus:
1288 1667 1409 1710 orbis
1427 1668 1659 1715 terrarum,
1678 1668 1722 1706 et
1742 1663 1817 1716 qui
1834 1661 1908 1704 hei—

1081 1727 1224 1769 bitant
1243 1725 1288 1766 in
1309 1737 1374 1767 eo.
1607 1728 1610 1732 ’

1133 1781 1336 1824 Flumina
1361 1779 1574 1834 plaudent
1600 1790 1743 1827 manu,
1781 1774 1910 1817 simul

1083 1844 1257 1881 montes
1292 1836 1574 1880 exsultabunt
1610 1847 1636 1876 a
1669 1833 1911 1886 conspectu

1083 1895 1279 1938 Domini:
1297 1895 1321 1921 *
1340 1893 1548 1947 quoniam
1574 1890 1694 1933 venit
1718 1889 1912 1942 judicare

1085 1958 1258 1995 terram.

1137 2010 1161 2050 J
1163 2008 1360 2051 udiceibit
1382 2007 1535 2049 orbem
1552 2006 1770 2047 terrerum
1787 2002 1832 2043 in
1854 2001 1912 2054 ju-

1087 2066 1216 2116 stitia,
1235 2066 1258 2092 *
1277 2070 1322 2107 et
1338 2063 1530 2118 populos
1548 2062 1593 2103 in
1612 2060 1831 2113 aequitAte.

1358 2137 1559 2179 Psalmus
1579 2136 1644 2176 98.

1182 2205 1352 2246 ominus
1362 2201 1572 2254 regnavit,
1581 2201 1825 2242 irascantur
1838 2200 1914 2252 po-

1191 2261 1298 2314 puli:
1318 2261 1341 2286 *
1362 2259 1438 2312 qui
1459 2258 1586 2300 sedet
1604 2269 1736 2310 super
1755 2255 1914 2298 Cheru-

1089 2318 1190 2368 bim,
1209 2319 1439 2359 moveAtur
1458 2321 1587 2357 terra.

1141 2374 1356 2416 Dominus
1388 2373 1434 2414 in
1461 2372 1566 2414 Sion
1593 2383 1793 2423 magnus:
1819 2370 1844 2395 *
1872 2373 1915 2410 et

1092 2431 1290 2473 excelsus
1309 2442 1440 2483 super
1460 2441 1613 2470 omnes
1631 2426 1840 2482 populos..

1144 2487 1445 2530 confiteantur
1463 2485 1630 2527 nomini
1648 2489 1725 2525 tuo
1742 2494 1917 2534 magno:

1094 2545 1299 2596 quoniam
1317 2542 1530 2592 terribile,
1551 2546 1595 2584 et
1614 2543 1815 2582 sanctum
1834 2543 1917 2580 est:

1093 2601 1115 2625 *
1136 2605 1179 2642 et
1197 2601 1340 2642 honor
1357 2599 1473 2651 regis
1491 2597 1698 2651 judicium
1718 2595 1870 2647 diligit.

1144 2657 1213 2698 Tu
1248 2657 1415 2710 parasti
1450 2654 1734 2698 directiones:
1761 2653 1784 2679 *
1812 2651 1917 2704 judi-

1095 2713 1208 2754 cium
1221 2719 1263 2755 et
1274 2713 1482 2765 justitiam
1496 2713 1540 2753 in
1550 2709 1687 2752 Jacob
1703 2714 1751 2751 tu
1766 2708 1918 2751 fecisti.
