2040 2976
667 231 871 268 Purissimi
897 233 1037 267 Cordis
1061 234 1102 268 B.
1128 235 1260 269 Maria:
1286 236 1328 269 Y.

476 328 639 368 Oratio.

222 387 475 438 mnipotens
525 386 791 439 sempiterne
834 386 968 434 Deus,

257 442 332 495 qui
372 442 417 483 in
453 441 600 484 Corde
636 442 781 484 beatae
816 442 968 482 Mariae

136 498 331 550 Virginis
377 497 556 549 dignum
596 498 783 551 Spiritus
829 498 970 539 sancti

135 554 434 597 habitaculum
461 555 741 607 praeparasti:
774 553 969 596 concede

135 611 372 664 propitius;
417 615 466 652 ut
511 610 707 662 ejusdem
744 610 969 663 purissimi

138 666 296 710 Cordis
323 667 607 709 festivitatem
633 667 797 709 deveta
822 671 968 708 mente

135 723 399 774 recolentes,
442 722 686 765 secundum
724 724 810 765 Cor
845 728 969 765 tuum

136 783 284 822 vivere
299 779 535 821 valeamus
554 780 638 821 Per
650 780 889 821 Dominum
904 811 912 820 .
932 811 940 820 .
961 811 968 820 .

136 837 180 877 in
199 836 365 878 unitate
385 835 583 888 ejusdem
601 836 800 888 Spiritus.

191 898 238 932 Et
262 898 302 933 fit
326 908 523 932 commem.
549 899 700 933 Domin.
726 909 869 933 occurs.

298 968 387 1009 Ad
414 968 802 1009 matutinum.

191 1031 315 1072 Invit.
340 1033 432 1073 Ave
451 1030 600 1081 Maria,
619 1031 762 1082 gratia
782 1030 927 1083 plena:
946 1036 967 1058 *

136 1087 353 1128 Dominus
372 1091 531 1128 tecum.

190 1144 256 1183 Ps.
290 1144 456 1192 Venite,
478 1143 757 1185 exsultemus.
784 1145 821 1184 2.

190 1200 400 1251 Hymnus.
422 1201 562 1249 Quem
580 1205 709 1241 terra.
729 1200 832 1252 [135]

374 1269 423 1310 In
451 1271 480 1310 1.
510 1272 733 1312 Nocturno.

187 1331 288 1371 Ant.
304 1329 545 1372 Benedicta
559 1335 608 1371 tu
622 1330 735 1372 inter
749 1330 965 1382 mulieres,

133 1390 177 1427 et
195 1385 455 1428 benedictus
474 1386 643 1428 fructus
663 1387 827 1428 ventris
842 1387 916 1428 tui.

189 1447 251 1482 Ps.
276 1448 390 1482 trium
407 1448 695 1484 Nocturnorum
720 1456 760 1484 ut
786 1451 823 1484 in
840 1452 966 1485 Festis

135 1496 176 1530 B.
202 1496 336 1530 Mariae
358 1497 402 1531 V.
425 1495 515 1538 [136]

189 1549 289 1590 Ant.
334 1549 388 1589 Et
423 1547 484 1589 ait
519 1546 676 1588 Maria:
713 1546 965 1597 Magnificat

131 1603 276 1644 anima
293 1615 392 1645 mea
411 1603 539 1653 Dr‘im‚
559 1608 604 1645 et
623 1603 859 1645 exsultavit
878 1606 963 1657 spi-

132 1659 243 1700 ritus
261 1672 386 1701 meus
404 1659 449 1700 in
467 1660 566 1701 Deo
586 1659 769 1701 salutari
786 1672 898 1702 meo.

188 1718 288 1758 Ant.
317 1717 426 1766 Quia
451 1716 649 1770 respexit
673 1716 965 1758 humilitatem

130 1771 300 1813 ancillae
315 1785 422 1814 suae:
440 1785 544 1815 ecce
561 1773 676 1815 enim
692 1786 747 1814 ex
761 1772 848 1815 hoc
863 1773 962 1815 bea-

129 1831 221 1869 tam
230 1841 301 1870 me
312 1828 460 1872 dicent
476 1842 629 1872 omnes
644 1830 963 1880 generationes.

184 1883 236 1933 V.
267 1885 428 1927 Anima
467 1898 568 1928 mea
602 1886 841 1938 liquefacta
885 1891 963 1928 est.

133 1942 185 1994 R.
209 1940 269 1982 Ut
295 1941 471 1984 locutus
500 1947 568 1985 est
596 1942 794 1984 dilectus.

255 2013 322 2053 De
342 2012 536 2054 Canticis
556 2011 839 2052 canticOrum.

210 2072 363 2115 Lectio
383 2074 406 2114 i.
723 2073 826 2125 Cap.
847 2074 883 2113 4.

133 2136 357 2199 {masi
385 2133 571 2186 pulchra
601 2145 648 2175 es
681 2135 821 2174 amica
852 2145 960 2182 mea,

132 2207 135 2221 ἰ
164 2183 219 2220 '²
275 2202 406 2242 quam
430 2189 616 2242 pulchra
643 2189 705 2231 es!
743 2189 871 2230 Oculi
897 2189 961 2230 tui

136 2244 163 2268 ²2⁷
178 2266 185 2268 *
205 2267 211 2268 ff
273 2246 588 2295 columbarum,
597 2245 765 2298 absque
777 2258 830 2287 eo
841 2243 961 2296 quod

128 2301 391 2344 intrinsecus
418 2302 536 2344 latet.
577 2303 698 2344 Sicut
725 2302 836 2343 vitta
863 2314 960 2342 coc-

129 2360 264 2413 cinea,
288 2358 407 2400 labia
425 2363 511 2409 tua,
532 2364 576 2401 et
595 2358 818 2410 eloquium
837 2362 960 2398 tuum

129 2413 269 2456 dulce.
305 2414 428 2456 Sicut
451 2415 648 2466 fragmen
671 2414 775 2455 mali
798 2414 959 2467 punici,

127 2470 190 2511 ita
211 2483 336 2521 genae
355 2476 456 2521 tuae,
483 2471 652 2523 absque
677 2483 731 2512 eo
756 2469 876 2522 quod
898 2470 958 2510 in-

127 2528 344 2568 trinsecus
369 2526 488 2569 latet.
523 2527 644 2569 Sicut
663 2527 795 2568 turris
813 2525 959 2568 David

129 2582 292 2624 collum
323 2587 464 2634 tuum,
504 2596 603 2636 quae
639 2583 858 2624 aedificata
892 2587 959 2624 est

129 2651 229 2680 cum
260 2640 625 2692 propugnaculis:
660 2639 778 2680 mille
816 2638 959 2690 clypei

128 2694 322 2747 pendent
359 2708 415 2737 ex
451 2709 522 2746 ea,
560 2696 700 2737 omnis
737 2697 959 2735 armatura

127 2751 318 2792 fortium.
345 2751 600 2794 Vulnerasti
621 2763 698 2792 cor
715 2763 872 2800 meum,
891 2763 958 2791 so-

1021 340 1096 369 ror
1135 341 1233 370 mea
1270 342 1452 382 sponsa,
1498 332 1737 375 vulnerasti
1774 346 1851 375 cor

1020 397 1167 426 meum
1202 385 1246 425 in
1283 399 1371 428 uno
1404 388 1633 430 oculorum
1663 392 1850 439 tuorum,

1022 445 1066 482 et
1085 441 1128 481 in
1151 454 1238 483 uno
1259 442 1377 484 crine
1397 444 1498 486 colli
1517 445 1590 486 tui.
1623 446 1769 487 Favus
1790 446 1850 488 di-

1022 496 1190 538 stillans
1221 498 1338 540 labia
1369 504 1445 541 tua
1477 513 1657 553 sponsa,
1689 502 1776 544 mel
1807 507 1851 544 et

1020 552 1090 594 lac
1108 553 1190 595 sub
1209 553 1356 606 lingua
1374 560 1460 597 tua.
1487 557 1657 599 Hortus
1677 558 1849 600 conclu-

1022 622 1108 660 sus,
1127 609 1225 651 fons
1245 611 1454 662 signatus.

1078 675 1127 729 Rg.
1141 674 1298 716 Deduc
1317 689 1387 717 me
1407 677 1594 719 Domine
1614 678 1658 719 in
1675 678 1745 719 via
1763 683 1850 729 tua,

1022 735 1066 778 et
1089 731 1308 782 ingrediar
1335 732 1379 773 in
1403 734 1590 776 veritate
1614 739 1704 776 tua:
1730 734 1848 776 laete-

1020 792 1092 828 tur
1116 800 1193 829 cor
1211 801 1367 838 meum,
1399 795 1420 818 *
1443 790 1502 831 Ut
1520 793 1672 833 timeat
1690 803 1850 832 nomen

1020 849 1153 885 tuum.
1197 844 1243 893 Y.
1265 845 1387 887 Pone
1411 859 1481 887 me
1505 851 1553 887 ut
1579 847 1850 897 signaculum

1021 912 1154 952 super
1173 913 1250 942 cor
1269 906 1402 951 tuum,
1423 907 1471 943 ut
1491 902 1762 954 signaculum
1782 917 1848 944 su-

1020 968 1100 1008 per
1118 955 1348 998 brachium
1367 963 1502 999 tuum.
1530 958 1600 1000 Ut.

1103 1030 1254 1069 Lcctio
1277 1030 1313 1068 ii.
1616 1032 1718 1083 Cap.
1738 1034 1774 1070 ἵ).

1026 1085 1182 1192 Veni
1200 1087 1243 1127 in
1258 1086 1435 1129 hortum
1450 1101 1595 1131 meum
1610 1101 1738 1130 soror
1751 1101 1849 1130 mea

1142 1156 1315 1196 sponsa,
1340 1145 1504 1186 messui
1522 1145 1744 1198 myrrham
1762 1158 1848 1187 me-

1020 1211 1090 1239 am
1114 1212 1213 1241 cum
1236 1201 1504 1243 aromatibus
1528 1202 1652 1243 meis:
1677 1201 1849 1243 comedi

1019 1255 1167 1297 favum
1191 1269 1290 1298 cum
1314 1257 1443 1299 melle
1469 1271 1580 1300 meo.
1614 1258 1717 1299 Vox
1743 1257 1847 1300 dile-

1020 1312 1078 1353 cti
1096 1313 1182 1354 mei
1196 1313 1428 1366 pulsantis:
1448 1315 1586 1367 Aperi
1600 1314 1706 1355 mihi
1722 1327 1849 1356 soror

1019 1381 1127 1418 mea,
1146 1373 1286 1412 amica
1300 1383 1408 1420 mea,
1429 1371 1633 1413 columba
1647 1383 1755 1420 mea,
1772 1371 1847 1411 im-

1018 1425 1237 1467 maculata
1264 1440 1378 1468 mea:
1412 1427 1513 1479 quia
1541 1432 1674 1480 caput
1702 1440 1847 1468 meum

1018 1481 1195 1533 plenum
1228 1487 1295 1524 est
1327 1496 1442 1533 rore,
1476 1488 1520 1525 et
1549 1484 1735 1525 cincinni
1763 1484 1848 1525 mei

1017 1538 1155 1588 guttis
1180 1540 1386 1580 noctium.
1423 1540 1611 1590 Surrexi‚
1638 1545 1685 1581 ut
1708 1542 1846 1593 aperi-

1017 1606 1110 1635 rem
1135 1594 1297 1637 dilecto
1316 1609 1433 1638 meo:
1456 1609 1610 1637 manus
1628 1609 1739 1637 meae
1759 1596 1846 1638 stil-

1016 1650 1216 1694 laverunt
1250 1653 1492 1705 myrrham,
1531 1658 1574 1695 et
1606 1653 1731 1705 digiti
1760 1653 1847 1694 mei

1016 1707 1136 1760 pleni
1163 1710 1339 1760 myrrha
1366 1710 1689 1762 probatissima.
1731 1709 1846 1762 Ape-

1016 1765 1084 1806 rui
1108 1764 1271 1807 dilecto
1295 1779 1412 1808 meo:
1437 1772 1482 1808 at
1504 1767 1576 1808 ille
1603 1766 1845 1808 declinave-

1016 1826 1098 1871 rat,
1127 1826 1260 1874 atque
1286 1826 1530 1866 transierat.
1565 1824 1723 1864 Anima
1748 1835 1846 1864 mea

1016 1877 1251 1929 liquefacta
1271 1884 1349 1929 est,
1367 1885 1416 1922 ut
1433 1879 1609 1922 locutus
1629 1884 1707 1921 est.

1071 1944 1123 1994 Ιίι.
1135 1944 1186 1983 In
1201 1944 1393 1986 Domino
1409 1944 1624 1995 gaudebo,
1644 1949 1687 1986 et
1704 1943 1844 1985 exsul-

1014 1998 1119 2040 tabo
1148 2000 1190 2040 in
1215 2000 1312 2042 Deo
1339 2001 1364 2041 J
1367 2013 1444 2042 esu
1467 2013 1584 2043 meo:
1610 2001 1731 2042 Deus
1756 2001 1844 2042 Do-

1014 2055 1156 2096 minus
1180 2056 1394 2098 fortitudo
1420 2070 1533 2107 mea,
1564 2059 1584 2080 *
1609 2057 1749 2109 Super
1773 2069 1843 2098 ex·
1895 2098 1898 2101 ,

1015 2111 1132 2152 celsa
1161 2111 1352 2154 deducet
1378 2126 1459 2155 me.
1507 2110 1557 2161 V.
1590 2113 1725 2154 Laeva
1753 2114 1843 2164 ejus

1015 2167 1095 2209 sub
1125 2169 1270 2221 capite
1298 2182 1414 2220 meo,
1448 2174 1491 2211 et
1519 2169 1701 2212 dextera
1728 2169 1843 2211 illius

1013 2225 1335 2277 amplexabitur
1362 2238 1443 2267 me.
1479 2226 1633 2279 Super.

1108 2294 1260 2334 Lectio
1281 2294 1334 2333 iii.
1495 2295 1597 2346 Cap.
1613 2296 1649 2333 Γ).
1668 2302 1709 2335 et
1725 2296 1761 2334 6.

1019 2332 1210 2456 Qualis
1235 2362 1302 2398 est
1325 2355 1512 2399 dilectus
1535 2359 1643 2398 tuus'
1660 2368 1714 2397 ex
1738 2354 1840 2397 dile-

1129 2417 1212 2462 cto,
1230 2425 1256 2454 o
1275 2412 1570 2465 pulcherrima
1588 2410 1839 2454 mulierum?

1014 2468 1155 2519 qualis
1182 2473 1250 2510 est
1269 2468 1454 2511 dilectus
1474 2474 1574 2511 tuus
1594 2481 1648 2510 ex
1667 2467 1839 2517 dilecto,

1015 2525 1116 2577 quia
1148 2525 1211 2567 sic
1243 2525 1451 2578 adjurasti
1482 2524 1587 2567 nos?
1642 2524 1839 2566 Dilectus

1012 2593 1136 2622 meus
1156 2581 1369 2624 candidus
1390 2587 1434 2624 et
1452 2581 1730 2631 rubicundus,
1755 2581 1837 2622 ele-

1013 2643 1109 2678 ctus
1134 2650 1188 2679 ex
1206 2638 1408 2687 millibus,
1431 2643 1550 2680 totus
1570 2636 1835 2679 desiderabi-

1011 2693 1076 2734 lis.
1103 2694 1224 2735 Talis
1244 2700 1311 2737 est
1328 2694 1512 2736 dilectus
1529 2706 1663 2743 meuS,
1684 2698 1727 2734 et
1741 2693 1836 2745 ipse

1012 2755 1080 2792 est
1104 2754 1269 2792 amicus
1293 2763 1431 2800 meUS,
1455 2750 1557 2791 filiae
1582 2749 1836 2791 Jerusalem.
