2040 2976
670 221 826 263 Septem
849 219 995 254 Psalmi
1018 218 1320 252 Poenitcntialcs.

149 319 371 362 dedissem
385 321 552 372 utique:
567 321 591 347 *
604 320 874 362 holocaustis
889 332 978 360 non

149 375 451 418 delectaberis.

200 432 470 473 Sacrificium
489 433 586 473 Deo
614 432 794 484 spiritus
822 432 978 473 contri-

148 488 338 529 bulatus:
358 490 382 515 *
402 501 478 529 cor
498 490 750 536 contritum,
776 493 819 529 et
841 487 977 528 humi-

147 544 301 585 liatum
319 545 441 585 Deus
459 556 549 585 non
569 543 798 596 despicies.

201 601 396 650 Benigne
442 600 511 641 fac
551 600 739 641 Domine
779 601 823 640 in
862 599 978 641 bona

148 657 374 698 voluntate
399 662 475 698 tua
499 656 617 697 Sion:
641 658 664 683 *
687 661 736 697 ut
762 655 977 698 aedificen-

148 717 219 753 tur
237 712 350 753 muri
367 712 622 753 Jerusalem.

201 769 325 809 Tunc
353 768 607 820 acceptabis
636 769 897 809 sacrificium
921 770 978 820 ju-

149 825 294 873 stitiae,
315 823 575 873 oblationes,
601 829 645 865 et
662 824 935 866 holocausta:
955 825 978 850 *

148 886 253 922 tunc
277 880 504 932 imponent
533 893 665 932 super
690 880 827 921 altare
855 886 978 921 tuum

150 936 323 977 vitulos.

203 992 355 1033 Gloria
373 991 503 1032 Patri.

410 1044 607 1084 Psalmus
629 1045 713 1083 101.

146 1096 377 1202 Domine
415 1104 574 1145 exaudi
609 1104 853 1145 orationem
891 1117 977 1145 me-

256 1173 340 1201 am:
369 1162 392 1187 *
420 1165 464 1201 et
497 1160 662 1200 clamor
694 1172 817 1200 meus
850 1159 907 1201 ad
935 1166 978 1201 te

149 1216 305 1257 veniat.

200 1272 303 1313 Non
328 1274 500 1313 avertas
523 1271 681 1312 faciem
702 1277 824 1313 tuam
847 1285 872 1312 a
895 1285 979 1313 me:

149 1329 173 1355 *
198 1328 243 1368 in
277 1331 553 1379 quacumque
583 1327 653 1368 die
680 1327 885 1377 tribulor,
919 1329 979 1368 in-

150 1383 264 1424 clina
283 1383 340 1425 ad
358 1396 428 1425 me
448 1396 598 1424 aurem
616 1389 747 1424 tuam.

201 1440 252 1479 In
290 1443 566 1491 quacumque
606 1439 677 1480 die
713 1439 979 1481 invocavero

148 1499 204 1544 te,
223 1497 247 1522 *
266 1495 477 1536 velociter
498 1495 657 1536 exaudi
674 1508 756 1536 me.

203 1551 314 1601 Quia
329 1551 582 1592 defecerunt
597 1551 708 1592 sicut
727 1551 870 1591 fumus
887 1551 980 1592 dies

149 1607 251 1648 mei:
270 1609 294 1635 *
318 1612 362 1648 et
386 1619 487 1648 ossa
511 1620 610 1648 mea
635 1608 746 1648 sicut
771 1607 980 1648 cremium

150 1665 366 1704 aruerunt.

201 1720 441 1761 Percussus
483 1732 580 1760 sum
620 1724 668 1760 ut
708 1719 890 1768 foenum,
937 1725 980 1761 et

150 1775 263 1816 aruit
300 1787 376 1816 cor
412 1788 574 1817 meum:
611 1777 635 1803 *
674 1775 775 1827 quia
817 1775 979 1817 oblitus

150 1844 247 1872 sum
266 1830 499 1873 comedere
518 1843 677 1883 panem
695 1844 851 1872 meum.

202 1887 244 1927 A
270 1900 381 1928 voce
413 1888 601 1938 gemitus
628 1888 715 1928 mei
742 1888 766 1913 *
795 1887 980 1930 adhaesit

152 1955 202 1984 os
220 1956 367 1984 meum
388 1956 506 1984 carni
523 1955 646 1983 meae.

201 1999 360 2040 Similis
383 1999 523 2040 factus
548 2011 644 2039 sum
668 1999 885 2051 pellicano
911 2013 978 2041 so-

150 2054 360 2096 litudinis:
394 2055 418 2080 *
452 2055 594 2096 factus
628 2068 724 2095 sum
760 2056 873 2097 sicut
906 2070 980 2107 ny-

151 2112 346 2152 cticorax
363 2111 407 2151 in
426 2109 662 2152 domicilio.

201 2166 408 2217 vigilavi,
436 2166 460 2192 *
489 2171 533 2207 et
563 2166 704 2208 factus
737 2180 834 2208 sum
866 2168 979 2209 sicut

149 2235 303 2274 passer
323 2222 544 2263 solitarius
563 2223 606 2263 in
625 2227 755 2264 tecto.

201 2278 316 2320 Tota
344 2278 414 2319 die
439 2278 767 2331 exprobrabant
789 2279 894 2319 mihi
917 2279 976 2320 in-

150 2334 268 2374 imici
293 2334 392 2375 mei:
416 2335 439 2360 *
468 2339 511 2375 et
537 2335 611 2386 qui
635 2334 874 2376 laudabant
896 2348 978 2385 me,

151 2389 384 2431 adversum
402 2403 472 2431 me
492 2391 702 2442 jurabant.

203 2446 315 2495 Quia
347 2449 537 2487 cinerem
567 2451 794 2499 tamquam
821 2460 980 2499 panem

151 2501 485 2551 manducabam,
511 2502 535 2527 *
570 2507 613 2543 et
646 2508 801 2555 potum
834 2516 980 2545 meum

152 2570 251 2598 cum
270 2557 376 2598 fletu
394 2558 644 2599 miscebam.

204 2613 245 2653 A
264 2613 374 2654 facie
391 2614 468 2654 irae
489 2618 532 2655 et
550 2613 858 2665 indignationis
876 2620 979 2657 tuae:

151 2669 175 2695 *
196 2669 297 2721 quia
316 2669 492 2710 elevans
511 2669 680 2711 allisisti
697 2683 778 2711 me.

202 2725 308 2766 Dies
341 2725 428 2767 mei
461 2725 573 2767 sicut
605 2725 760 2768 umbra
793 2725 978 2768 declina-

1030 321 1199 359 verunt:
1244 319 1268 344 *
1317 322 1360 359 et
1406 330 1488 367 ego
1539 317 1651 359 sicut
1696 317 1864 358 foenum

1031 375 1135 415 arui.

1082 430 1151 470 Tu
1185 435 1330 471 autem
1358 429 1547 471 Domine
1576 429 1620 468 in
1649 431 1863 470 aeternum

1029 488 1275 539 permanes:
1295 488 1318 513 *
1339 491 1383 527 et
1401 485 1657 526 memoriale
1677 490 1802 525 tuum
1819 485 1864 524 in

1031 542 1356 593 generationem
1377 546 1420 583 et
1437 541 1776 591 generationem.

1083 598 1153 638 Tu
1178 601 1418 648 exsurgens
1441 596 1720 637 misereberis
1743 596 1865 637 Sion:

1032 654 1054 679 *
1076 654 1177 705 quia
1195 659 1369 705 tempus
1388 652 1624 694 miserendi
1642 653 1743 703 ejus,
1764 652 1866 704 quia

1031 710 1150 750 venit
1168 714 1354 761 tempus.

1084 765 1301 815 Quoniam
1328 764 1587 817 placuerunt
1616 764 1754 804 servis
1778 764 1864 804 tuis

1031 820 1203 873 lapides
1229 822 1333 872 ejus:
1353 822 1376 847 *
1397 825 1440 861 et
1464 825 1595 861 terrae
1622 820 1712 870 ejus
1737 820 1862 860 mise-

1031 877 1253 919 rebuntur.

1084 934 1141 975 Et
1171 933 1386 975 timebunt
1414 933 1581 973 Gentes
1609 944 1770 972 nomen
1799 936 1863 972 tu-

1030 1004 1105 1030 um
1123 990 1322 1039 Domine,
1342 991 1366 1016 *
1385 994 1428 1030 et
1453 1000 1605 1029 omnes
1629 1000 1756 1037 reges
1780 992 1864 1028 ter-

1031 1059 1092 1087 rae
1111 1046 1295 1096 gloriam
1317 1051 1449 1086 tuam.

1084 1103 1195 1152 Quia
1229 1101 1466 1142 aedificavit
1494 1100 1710 1141 Dominus
1743 1100 1865 1141 Sion:

1031 1159 1054 1184 *
1075 1164 1118 1199 et
1136 1157 1357 1199 videbitur
1375 1158 1418 1197 in
1439 1156 1576 1207 gloria
1598 1169 1687 1196 sua.

1083 1214 1297 1266 Respexit
1311 1214 1354 1253 in
1366 1213 1611 1254 orationem
1621 1211 1864 1252 humilium:

1031 1273 1054 1297 *
1075 1275 1119 1311 et
1135 1283 1223 1311 non
1247 1269 1412 1322 sprevit
1431 1281 1610 1321 precem
1629 1270 1793 1309 eorum.

1083 1326 1338 1368 Scribantur
1372 1325 1468 1366 haec
1502 1325 1546 1364 in
1580 1324 1864 1375 generatione

1033 1382 1184 1424 altera:
1203 1383 1226 1407 *
1247 1387 1290 1423 et
1308 1381 1517 1434 populus,
1539 1381 1613 1431 qui
1633 1380 1864 1429 creabitur,

1031 1438 1228 1479 laudabit
1246 1438 1501 1478 Dominum:

1085 1494 1197 1544 Quia
1210 1493 1440 1546 prospexit
1455 1492 1510 1534 de
1522 1492 1698 1533 excelso
1710 1496 1864 1532 sancto

1033 1563 1130 1591 suo:
1149 1551 1172 1576 *
1192 1550 1407 1590 Dominus
1428 1548 1483 1590 de
1504 1548 1617 1590 coelo
1637 1548 1682 1588 in
1701 1553 1865 1589 terram

1033 1607 1218 1659 aspexit:

1084 1663 1144 1704 Ut
1176 1661 1347 1703 audiret
1378 1662 1564 1712 gemitus
1594 1659 1863 1712 compedito

1032 1733 1143 1760 rum:
1171 1719 1194 1744 *
1223 1723 1270 1759 ut
1299 1718 1491 1759 solveret
1519 1717 1635 1758 filios
1662 1717 1864 1758 interem-

1032 1778 1223 1828 ptorum:

1084 1832 1144 1873 Ut
1186 1831 1443 1872 annuntient
1483 1830 1527 1870 in
1563 1829 1668 1870 Sion
1704 1841 1866 1869 nomen

1032 1888 1224 1928 Domini:
1243 1889 1266 1915 *
1291 1892 1334 1929 et
1358 1886 1534 1928 laudem
1560 1887 1650 1937 ejus
1676 1885 1720 1925 in
1744 1885 1768 1925 J
1771 1888 1864 1926 eru-

1033 1944 1181 1985 salem.

1083 2001 1135 2040 In
1151 1998 1453 2041 conveniendo
1463 1998 1656 2050 populos
1666 1998 1710 2037 in
1720 2010 1865 2046 unum,

1033 2055 1056 2081 *
1077 2060 1121 2096 et
1140 2068 1267 2106 reges
1286 2060 1334 2096 ut
1353 2055 1545 2096 serviant
1563 2054 1769 2094 Domino.

1084 2111 1333 2164 Respondit
1352 2111 1391 2152 ei
1409 2111 1454 2151 in
1473 2111 1544 2152 via
1563 2110 1739 2151 virtutis
1759 2123 1861 2150 suae:

1033 2169 1057 2194 *
1071 2168 1344 2209 Paucitatem
1359 2167 1527 2209 dierum
1546 2168 1745 2208 meorum
1758 2169 1863 2207 nun-

1033 2224 1093 2265 tia
1111 2223 1227 2264 mihi.

1083 2280 1151 2322 Ne
1184 2282 1368 2321 revoces
1395 2292 1466 2321 me
1492 2280 1537 2320 in
1566 2277 1747 2320 dimidio
1777 2277 1863 2319 die-

1032 2349 1129 2377 rum
1147 2338 1361 2378 meorum:
1375 2337 1399 2363 *
1413 2336 1458 2376 in
1475 2335 1801 2386 generationem
1821 2339 1865 2375 et

1032 2393 1362 2443 generationem
1381 2392 1481 2433 anni
1498 2392 1573 2434 tui.

1082 2448 1214 2489 Initio
1240 2453 1288 2489 tu
1307 2448 1495 2489 Domine
1522 2453 1686 2489 terram
1712 2444 1862 2486 funda-

1033 2504 1101 2545 sti:
1132 2506 1156 2531 *
1192 2508 1235 2545 et
1273 2506 1410 2556 Opera
1444 2506 1652 2544 manuum
1687 2504 1863 2557 tuarum

1033 2565 1132 2602 sunt
1154 2560 1265 2601 coeli.

1083 2616 1176 2668 Ipsi
1202 2615 1422 2668 peribunt,
1446 2621 1494 2657 tu
1519 2620 1665 2655 autem
1692 2615 1860 2665 perma-

1031 2684 1125 2713 nes:
1145 2673 1168 2698 *
1189 2677 1232 2714 et
1251 2685 1404 2713 omnes
1423 2672 1535 2717 sicut
1554 2670 1861 2711 vestimentum

1030 2730 1316 2770 veterascent.
