2040 2976
688 191 799 224 Fcria
826 195 960 233 quarta
988 192 1036 225 ad
1060 192 1299 228 Matutinum.

183 293 227 334 Si
247 292 472 334 dormiatis
490 293 603 335 inter
619 292 787 334 medios
803 293 956 342 cleros,

131 361 288 401 pennae
308 349 523 390 columbae
543 349 850 401 deargente'ltae‚
869 350 892 374 *
913 354 956 391 et

130 406 377 458 posteriora
422 405 541 447 dorsi
583 407 672 458 ejus
708 407 751 446 in
787 406 954 459 pallere

131 462 235 503 auri.

182 523 298 563 Dum
344 522 549 564 discernit
591 523 783 564 coelestis
829 535 955 573 reges

130 592 262 632 super
294 592 405 630 eam,
436 580 535 620 nive
564 578 883 620 dealbabuntur
911 579 955 619 in

128 635 318 677 Selmon:
333 636 356 662 *
371 648 496 677 mons
514 636 609 685 Dei,
629 648 754 676 mons
771 635 954 688 pinguis.

179 696 306 737 Mons
326 696 595 748 eoagulatus,
618 709 744 737 mons
768 696 953 749 pinguis:

128 753 151 778 *
170 758 218 794 ut
239 752 343 805 quid
362 753 641 805 suspicamini
663 758 835 794 montes
855 765 952 794 coa-

126 807 320 861 guletos?

177 870 319 920 Mons,
346 872 390 912 in
420 883 505 923 quo
533 870 858 924 beneplacitum
886 875 952 912 est

125 922 223 963 Deo
251 922 448 965 habitare
475 924 519 964 in
548 936 615 964 eo:
638 925 661 949 *
686 923 845 964 etenim
863 924 951 964 De-

125 979 265 1020 minus
284 979 498 1022 habitabit
516 980 559 1020 in
578 980 720 1021 finem.

178 1040 339 1081 Currus
357 1041 441 1082 Dei
461 1040 615 1082 decem
637 1041 826 1083 millibus
845 1041 950 1082 mul-

124 1096 276 1149 fiplex,
310 1097 444 1139 millia
470 1098 724 1139 laetz'mtium:
752 1099 775 1123 *
802 1099 950 1139 Demi-

124 1166 204 1194 nus
223 1153 267 1194 in
287 1154 348 1195 eis
368 1154 412 1194 in
432 1154 533 1195 Sina
552 1155 595 1195 in
614 1159 778 1196 sancto.

176 1213 428 1256 Ascendisti
454 1215 498 1256 in
526 1215 670 1265 altum,
699 1216 854 1268 cepisti
883 1229 948 1257 ca-

124 1270 384 1322 ptivitatem:
403 1273 426 1297 *
446 1273 655 1324 accepisti
679 1272 794 1313 dona
812 1273 855 1313 in
874 1272 948 1313 ho-

122 1326 323 1368 minibus:

176 1388 348 1429 Etenim
370 1401 458 1430 non
485 1388 725 1438 credentes,
744 1389 767 1414 *
786 1388 948 1430 inhabi-

123 1445 218 1485 tere
236 1444 472 1486 Deminum
491 1446 644 1486 Deum.

174 1504 439 1546 Benedictus
466 1506 680 1547 Deminus
709 1505 779 1547 die
810 1507 947 1557 quoti-

123 1559 207 1602 die:
226 1561 249 1586 *
268 1563 531 1614 presperum
557 1562 639 1603 iter
667 1562 797 1603 faciet
821 1561 947 1603 nobis

121 1616 243 1658 Deus
263 1617 515 1660 salutarium
533 1620 792 1660 nostrerum.

171 1677 293 1720 Deus
328 1684 493 1729 noster,
540 1679 662 1721 Deus
699 1679 843 1720 salvos
863 1735 871 1743 .
888 1679 945 1720 fa-

119 1791 283 1832 mortis.

171 1852 484 1894 Verumtamen
533 1853 655 1894 Deus
702 1853 945 1904 confringet

119 1908 265 1961 capita
287 1909 559 1951 inimicerum
583 1911 778 1951 suerum:
802 1910 825 1935 *
852 1912 943 1951 ver-

117 1964 249 2006 ticem
285 1966 430 2019 capilli
468 1965 862 2019 perambulantium
900 1967 943 2007 in

118 2020 287 2063 delictis
315 2023 414 2064 suis.

169 2082 290 2124 Dixit
312 2084 545 2125 Deminus:
574 2084 642 2124 Ex
670 2084 814 2125 Basan
843 2097 941 2125 con-

117 2140 293 2189 vertam,
308 2140 331 2165 *
347 2142 605 2182 'convertam
618 2140 662 2181 in
676 2140 942 2193 profundum

116 2196 261 2236 maris:

171 2256 226 2298 Ut
245 2256 480 2308 intingatur
499 2271 578 2311 pes
598 2263 698 2300 tuus
714 2259 756 2299 in
772 2259 938 2309 sangui—

116 2325 184 2353 ne:
203 2313 226 2338 *
251 2312 396 2364 lingua
423 2327 578 2356 canum
596 2317 770 2356 tuerum
792 2328 845 2356 ex
864 2315 938 2355 ini-

115 2369 247 2418 micis,
268 2368 322 2411 ab
341 2370 451 2422 ipso.

167 2429 382 2471 Viderunt
400 2431 619 2482 ingressus
641 2437 741 2473 tuos
759 2432 895 2482 Deus,
915 2433 938 2458 *

114 2484 333 2536 ingressus
361 2487 445 2528 Dei
471 2488 570 2529 mei:
590 2489 724 2538 Regis
751 2489 837 2529 mei
866 2489 938 2541 qui

115 2547 181 2583 est
199 2542 242 2583 in
262 2548 424 2584 sancto.

165 2603 474 2644 Praevenerunt
487 2604 706 2656 principes
722 2605 937 2656 conjuncti

114 2658 409 2710 psallentibus,
429 2660 451 2685 *
470 2660 513 2700 in
532 2659 676 2701 medio
693 2661 935 2711 juvencule-

113 2727 208 2755 rum
225 2716 634 2768 tympanistriarum.

1059 294 1109 334 In
1139 294 1333 335 ecclesiis
1360 295 1605 339 benedicite
1626 298 1724 338 Deo
1747 298 1833 338 De-

1006 350 1134 399 mino,
1154 351 1177 375 *
1197 350 1252 391 de
1274 351 1464 393 sentibus
1483 354 1630 394 Israel.

1058 406 1124 447 Ibi
1156 407 1379 459 Benjamin
1411 408 1776 460 adolescentulus,
1810 412 1832 436 *

1006 463 1048 503 in
1067 464 1224 504 mentis
1245 466 1437 505 excessu.

1057 520 1283 572 Principes
1305 521 1329 561 J
1333 520 1433 570 uda,
1462 521 1595 563 duces
1625 525 1789 564 eerum:
1809 524 1831 548 *

1005 576 1225 629 principes
1236 576 1446 627 Zabulon,
1458 579 1677 631 principes
1686 580 1830 632 Neph-

1004 632 1091 672 tali.

1057 688 1217 730 Manda
1242 690 1363 731 Deus
1391 691 1540 732 virtuti
1568 697 1668 733 tuae:
1688 694 1710 718 *
1731 706 1829 734 con-

1005 745 1129 786 firma
1148 745 1232 787 hoc
1252 747 1387 797 Deus,
1414 747 1533 800 quod
1557 751 1763 801 operatus
1784 763 1830 791 es

1004 802 1047 842 in
1066 802 1203 843 nobis.

1055 858 1096 898 A
1116 859 1281 911 templo
1301 864 1377 900 tuo
1398 860 1440 900 in
1454 861 1479 901 J
1482 861 1831 911 ertisalem,*tibi

1005 914 1189 956 efferent
1209 929 1335 967 reges
1353 919 1544 958 mussera.

1055 972 1239 1025 Increpa
1260 973 1373 1014 feras
1394 973 1629 1025 arundinis,
1653 988 1829 1026 congre-

1003 1029 1122 1078 gestio
1150 1031 1374 1070 taurerum
1402 1030 1445 1070 in
1474 1032 1617 1072 vaccis
1645 1032 1828 1084 popule-

1003 1097 1112 1126 rum:
1132 1086 1155 1111 *
1179 1091 1226 1127 ut
1251 1086 1484 1128 exelsidant
1509 1100 1601 1138 eos,
1631 1089 1703 1140 qui
1731 1102 1829 1141 pro-

1002 1140 1094 1182 bati
1114 1147 1212 1183 sunt
1231 1145 1422 1194 argento.

1053 1198 1230 1251 Dissipa
1242 1199 1417 1249 Gentes,
1431 1213 1528 1252 quae
1540 1200 1654 1242 bella
1665 1202 1829 1243 volunt:

1002 1255 1176 1296 venient
1191 1255 1323 1306 legati
1341 1269 1394 1297 ex
1405 1257 1615 1309 AEgj'tho:
1627 1258 1649 1283 *
1661 1258 1828 1299 AEthie-

1001 1310 1074 1361 pia
1093 1312 1331 1363 praeveniet
1349 1326 1501 1353 manus
1523 1314 1612 1365 ejus
1632 1315 1740 1356 Deo.

1053 1367 1205 1417 Regna
1219 1372 1359 1418 terrae,
1375 1371 1547 1411 cantate
1558 1370 1670 1411 Deo:
1681 1371 1704 1396 *
1715 1371 1827 1423 pstil-

1000 1422 1075 1464 lite
1095 1424 1297 1465 Demino.

1051 1479 1228 1521 Psellite
1248 1482 1363 1530 Deo,
1388 1482 1460 1534 qui
1480 1482 1676 1524 ascendit
1695 1497 1827 1536 super

1001 1535 1161 1577 coelum
1181 1537 1291 1587 coeli,
1311 1538 1333 1562 *
1354 1537 1410 1579 ad
1430 1538 1663 1580 Orientem.

1051 1592 1166 1634 Ecce
1187 1592 1307 1635 dabit
1326 1594 1424 1635 voci
1449 1607 1540 1636 suae
1566 1608 1720 1637 vocem
1745 1597 1824 1637 vir-

998 1649 1120 1698 tutis,
1149 1649 1249 1691 date
1277 1650 1460 1700 gleriam
1478 1652 1576 1692 Deo
1606 1665 1737 1705 super
1765 1654 1823 1694 Is-

998 1705 1099 1755 rael,
1118 1706 1140 1731 *
1160 1706 1479 1757 magnificentia
1500 1709 1604 1760 ejus,
1626 1714 1668 1750 et
1687 1710 1823 1750 virtus

999 1761 1088 1812 ejus
1107 1762 1150 1803 in
1169 1762 1368 1804 nubibus.

1049 1818 1259 1860 Mirabilis
1293 1820 1414 1861 Deus
1446 1821 1490 1860 in
1523 1822 1684 1862 sanctis
1718 1822 1822 1872 suis,

996 1874 1118 1916 Deus
1133 1876 1269 1917 Israel
1288 1876 1383 1929 ipse
1404 1875 1525 1918 dabit
1543 1878 1758 1928 viantem,
1779 1883 1822 1920 et

995 1930 1294 1974 fortitudinem
1321 1932 1439 1985 plebi
1468 1946 1574 1984 suae,
1598 1935 1621 1959 *
1646 1934 1820 1976 benedi-

996 1992 1092 2028 ctus
1111 1989 1244 2030 Deus.

1049 2054 1147 2094 Ant.
1190 2054 1440 2096 Benedicite
1478 2055 1643 2097 Gentes
1679 2056 1820 2098 Deum

994 2115 1203 2152 nostrum.

1047 2182 1131 2222 Per
1151 2183 1336 2222 Annum.
1365 2177 1415 2229 V.
1437 2185 1558 2226 Deus
1581 2186 1713 2227 vitam
1731 2199 1818 2227 me·

994 2252 1064 2280 am
1107 2241 1358 2282 annuntiavi
1398 2241 1487 2283 tibi.
1544 2241 1594 2293 Η.
1628 2242 1818 2284 Posuisti

992 2295 1193 2337 lacrimas
1220 2310 1340 2338 meas
1367 2298 1411 2338 in
1440 2300 1679 2351 conspectu
1706 2304 1793 2340 tuo.

1046 2371 1131 2412 Pro
1170 2384 1255 2412 uno
1294 2371 1417 2412 Mart.
1472 2366 1520 2418 V.
1554 2372 1713 2422 Magna
1750 2376 1815 2412 est

990 2425 1128 2475 gleria
1153 2427 1242 2478 ejus
1262 2427 1305 2468 in
1326 2427 1504 2469 salutari
1522 2432 1610 2469 tuo.
1640 2427 1690 2478 Rz.
1713 2427 1814 2468 Gle-

990 2482 1098 2523 riam
1131 2488 1174 2524 et
1205 2496 1410 2534 magnum
1443 2484 1647 2526 decerem
1678 2484 1812 2536 impe-

990 2551 1068 2579 nes
1097 2552 1228 2592 super
1256 2553 1365 2581 eum.

1044 2608 1130 2648 Pro
1158 2608 1266 2659 plur.
1294 2609 1416 2649 Mart.
1454 2602 1503 2653 V.
1528 2609 1638 2651 Justi
1666 2614 1810 2650 autem

988 2663 1032 2703 in
1058 2666 1317 2717 perpetuum
1343 2665 1501 2706 vivent.
1535 2664 1586 2715 Rz.
1610 2666 1667 2705 Et
1694 2663 1810 2716 apud

988 2719 1223 2761 Deminum
1251 2726 1317 2762 est
1343 2733 1511 2762 merces
1539 2722 1698 2762 eerum.
