<?xml version="1.0" encoding="UTF-8"?>
<!DOCTYPE html PUBLIC "-//W3C//DTD XHTML 1.0 Transitional//EN"
    "http://www.w3.org/TR/xhtml1/DTD/xhtml1-transitional.dtd">
<html xmlns="http://www.w3.org/1999/xhtml" xml:lang="en" lang="en">
 <head>
  <title>
</title>
<meta http-equiv="Content-Type" content="text/html;charset=utf-8" />
  <meta name='ocr-system' content='tesseract 3.04.00' />
  <meta name='ocr-capabilities' content='ocr_page ocr_carea ocr_par ocr_line ocrx_word'/>
</head>
<body>
  <div class='ocr_page' id='page_1' title='image "./p3breviariumroma00cathuoft_0359.png"; bbox 0 0 2040 2976; ppageno 0'>
   <div class='ocr_carea' id='block_1_1' title="bbox 582 180 1390 231">
    <p class='ocr_par' dir='ltr' id='par_1_1' title="bbox 582 180 1390 231">
     <span class='ocr_line' id='line_1_1' title="bbox 582 180 1390 231; baseline -0.001 -16"><span class='ocrx_word' id='word_1_1' title='bbox 582 182 657 231; x_wconf 23' lang='lat' dir='ltr'>*Die</span> <span class='ocrx_word' id='word_1_2' title='bbox 684 182 733 215; x_wconf 91' lang='lat'>11.</span> <span class='ocrx_word' id='word_1_3' title='bbox 757 181 874 216; x_wconf 85' lang='lat' dir='ltr'>Junii.</span> <span class='ocrx_word' id='word_1_4' title='bbox 922 180 957 214; x_wconf 90' lang='lat' dir='ltr'>S.</span> <span class='ocrx_word' id='word_1_5' title='bbox 981 180 1174 214; x_wconf 63' lang='lat' dir='ltr'>Barnabae</span> <span class='ocrx_word' id='word_1_6' title='bbox 1198 180 1390 223; x_wconf 86' lang='lat' dir='ltr'>Apostoli.</span> 
     </span>
    </p>
   </div>
   <div class='ocr_carea' id='block_1_2' title="bbox 134 276 966 785">
    <p class='ocr_par' dir='ltr' id='par_1_2' title="bbox 135 276 965 441">
     <span class='ocr_line' id='line_1_2' title="bbox 136 276 964 329; baseline 0 -11"><span class='ocrx_word' id='word_1_7' title='bbox 136 276 239 319; x_wconf 87' lang='lat' dir='ltr'>tatis</span> <span class='ocrx_word' id='word_1_8' title='bbox 259 276 688 329; x_wconf 88' lang='lat' dir='ltr'>operibustriginta‚</span> <span class='ocrx_word' id='word_1_9' title='bbox 718 276 876 328; x_wconf 94' lang='lat' dir='ltr'>quibus</span> <span class='ocrx_word' id='word_1_10' title='bbox 901 289 964 318; x_wconf 92' lang='lat' dir='ltr'>re-</span> 
     </span>
     <span class='ocr_line' id='line_1_3' title="bbox 135 333 965 384; baseline 0.001 -11"><span class='ocrx_word' id='word_1_11' title='bbox 135 333 286 384; x_wconf 84' lang='lat' dir='ltr'>gnavit</span> <span class='ocrx_word' id='word_1_12' title='bbox 319 333 462 382; x_wconf 80' lang='lat' dir='ltr'>annis,</span> <span class='ocrx_word' id='word_1_13' title='bbox 498 333 580 374; x_wconf 90' lang='lat' dir='ltr'>toti</span> <span class='ocrx_word' id='word_1_14' title='bbox 613 345 749 384; x_wconf 83' lang='lat' dir='ltr'>regno</span> <span class='ocrx_word' id='word_1_15' title='bbox 783 333 965 374; x_wconf 92' lang='lat' dir='ltr'>mirifice</span> 
     </span>
     <span class='ocr_line' id='line_1_4' title="bbox 135 388 312 441; baseline -0.006 -12"><span class='ocrx_word' id='word_1_16' title='bbox 135 388 312 441; x_wconf 82' lang='lat' dir='ltr'>profuit.</span> 
     </span>
    </p>

    <p class='ocr_par' dir='ltr' id='par_1_3' title="bbox 134 454 966 785">
     <span class='ocr_line' id='line_1_5' title="bbox 186 454 964 507; baseline 0 -13"><span class='ocrx_word' id='word_1_17' title='bbox 186 455 238 506; x_wconf 90' lang='lat' dir='ltr'>R.</span> <span class='ocrx_word' id='word_1_18' title='bbox 270 454 461 507; x_wconf 85' lang='lat' dir='ltr'>Propter</span> <span class='ocrx_word' id='word_1_19' title='bbox 493 454 738 504; x_wconf 86' lang='lat' dir='ltr'>veritatem,</span> <span class='ocrx_word' id='word_1_20' title='bbox 772 459 816 496; x_wconf 88' lang='lat' dir='ltr'>et</span> <span class='ocrx_word' id='word_1_21' title='bbox 847 466 964 495; x_wconf 90' lang='lat' dir='ltr'>man-</span> 
     </span>
     <span class='ocr_line' id='line_1_6' title="bbox 136 509 965 561; baseline 0 -10"><span class='ocrx_word' id='word_1_22' title='bbox 136 509 428 560; x_wconf 89' lang='lat' dir='ltr'>suetudinem,</span> <span class='ocrx_word' id='word_1_23' title='bbox 457 514 501 551; x_wconf 92' lang='lat' dir='ltr'>et</span> <span class='ocrx_word' id='word_1_24' title='bbox 527 510 749 561; x_wconf 87' lang='lat' dir='ltr'>justitiam:</span> <span class='ocrx_word' id='word_1_25' title='bbox 771 511 794 535; x_wconf 88' lang='lat'>*</span> <span class='ocrx_word' id='word_1_26' title='bbox 809 511 867 551; x_wconf 92' lang='lat' dir='ltr'>Et</span> <span class='ocrx_word' id='word_1_27' title='bbox 893 509 965 552; x_wconf 92' lang='lat' dir='ltr'>de-</span> 
     </span>
     <span class='ocr_line' id='line_1_7' title="bbox 137 565 964 608; baseline 0 -1"><span class='ocrx_word' id='word_1_28' title='bbox 137 565 268 608; x_wconf 90' lang='lat' dir='ltr'>ducet</span> <span class='ocrx_word' id='word_1_29' title='bbox 299 571 344 607; x_wconf 92' lang='lat' dir='ltr'>te</span> <span class='ocrx_word' id='word_1_30' title='bbox 374 566 630 607; x_wconf 87' lang='lat' dir='ltr'>mirabiliter</span> <span class='ocrx_word' id='word_1_31' title='bbox 666 566 848 608; x_wconf 85' lang='lat' dir='ltr'>dextera</span> <span class='ocrx_word' id='word_1_32' title='bbox 878 571 964 607; x_wconf 90' lang='lat' dir='ltr'>tua.</span> 
     </span>
     <span class='ocr_line' id='line_1_8' title="bbox 135 617 966 675; baseline 0.002 -13"><span class='ocrx_word' id='word_1_33' title='bbox 135 617 185 669; x_wconf 67' lang='lat' dir='ltr'>V.</span> <span class='ocrx_word' id='word_1_34' title='bbox 213 623 369 675; x_wconf 90' lang='lat' dir='ltr'>Specie</span> <span class='ocrx_word' id='word_1_35' title='bbox 388 627 464 664; x_wconf 87' lang='lat' dir='ltr'>tua</span> <span class='ocrx_word' id='word_1_36' title='bbox 486 627 530 664; x_wconf 93' lang='lat' dir='ltr'>et</span> <span class='ocrx_word' id='word_1_37' title='bbox 547 622 872 675; x_wconf 90' lang='lat' dir='ltr'>pulchritudine</span> <span class='ocrx_word' id='word_1_38' title='bbox 891 627 966 664; x_wconf 91' lang='lat' dir='ltr'>tua</span> 
     </span>
     <span class='ocr_line' id='line_1_9' title="bbox 134 677 965 731; baseline 0.001 -12"><span class='ocrx_word' id='word_1_39' title='bbox 134 677 328 728; x_wconf 89' lang='lat' dir='ltr'>intende,</span> <span class='ocrx_word' id='word_1_40' title='bbox 356 680 568 731; x_wconf 79' lang='lat' dir='ltr'>prespere</span> <span class='ocrx_word' id='word_1_41' title='bbox 594 678 804 731; x_wconf 83' lang='lat' dir='ltr'>procede,</span> <span class='ocrx_word' id='word_1_42' title='bbox 834 684 878 720; x_wconf 90' lang='lat' dir='ltr'>et</span> <span class='ocrx_word' id='word_1_43' title='bbox 902 692 965 720; x_wconf 94' lang='lat' dir='ltr'>re-</span> 
     </span>
     <span class='ocr_line' id='line_1_10' title="bbox 135 733 536 785; baseline 0.002 -10"><span class='ocrx_word' id='word_1_44' title='bbox 135 747 230 785; x_wconf 88' lang='lat' dir='ltr'>gna.</span> <span class='ocrx_word' id='word_1_45' title='bbox 258 735 316 776; x_wconf 88' lang='lat' dir='ltr'>Et</span> <span class='ocrx_word' id='word_1_46' title='bbox 335 733 536 776; x_wconf 87' lang='lat' dir='ltr'>deducet.</span> 
     </span>
    </p>
   </div>
   <div class='ocr_carea' id='block_1_3' title="bbox 443 814 653 855">
    <p class='ocr_par' dir='ltr' id='par_1_4' title="bbox 443 814 653 855">
     <span class='ocr_line' id='line_1_11' title="bbox 443 814 653 855; baseline 0 -1"><span class='ocrx_word' id='word_1_47' title='bbox 443 814 596 855; x_wconf 84' lang='lat' dir='ltr'>Lectio</span> <span class='ocrx_word' id='word_1_48' title='bbox 616 828 653 855; x_wconf 87' lang='lat' dir='ltr'>v.</span> 
     </span>
    </p>
   </div>
   <div class='ocr_carea' id='block_1_4' title="bbox 134 881 967 2685">
    <p class='ocr_par' dir='ltr' id='par_1_5' title="bbox 180 881 964 935">
     <span class='ocr_line' id='line_1_12' title="bbox 180 881 964 935; baseline 0.003 -13"><span class='ocrx_word' id='word_1_49' title='bbox 180 886 278 924; x_wconf 89' lang='lat' dir='ltr'>nter</span> <span class='ocrx_word' id='word_1_50' title='bbox 304 882 474 933; x_wconf 84' lang='lat' dir='ltr'>regales</span> <span class='ocrx_word' id='word_1_51' title='bbox 503 881 683 924; x_wconf 83' lang='lat' dir='ltr'>delicias</span> <span class='ocrx_word' id='word_1_52' title='bbox 712 895 875 935; x_wconf 89' lang='lat' dir='ltr'>corpus</span> <span class='ocrx_word' id='word_1_53' title='bbox 906 884 964 924; x_wconf 93' lang='lat' dir='ltr'>af-</span> 
     </span>
    </p>

    <p class='ocr_par' dir='ltr' id='par_1_6' title="bbox 134 937 966 2390">
     <span class='ocr_line' id='line_1_13' title="bbox 191 937 965 990; baseline 0.003 -11"><span class='ocrx_word' id='word_1_54' title='bbox 191 937 518 988; x_wconf 86' lang='lat' dir='ltr'>flictationibus,</span> <span class='ocrx_word' id='word_1_55' title='bbox 550 951 602 980; x_wconf 84' lang='lat' dir='ltr'>ac</span> <span class='ocrx_word' id='word_1_56' title='bbox 633 939 791 990; x_wconf 87' lang='lat' dir='ltr'>vigiliis</span> <span class='ocrx_word' id='word_1_57' title='bbox 824 942 965 981; x_wconf 86' lang='lat' dir='ltr'>mace-</span> 
     </span>
     <span class='ocr_line' id='line_1_14' title="bbox 135 995 965 1048; baseline 0.004 -14"><span class='ocrx_word' id='word_1_58' title='bbox 135 1006 254 1044; x_wconf 85' lang='lat' dir='ltr'>rans,</span> <span class='ocrx_word' id='word_1_59' title='bbox 285 1007 488 1045; x_wconf 87' lang='lat' dir='ltr'>magnam</span> <span class='ocrx_word' id='word_1_60' title='bbox 513 995 656 1036; x_wconf 88' lang='lat' dir='ltr'>noctis</span> <span class='ocrx_word' id='word_1_61' title='bbox 681 1000 853 1047; x_wconf 88' lang='lat' dir='ltr'>partem</span> <span class='ocrx_word' id='word_1_62' title='bbox 881 996 965 1048; x_wconf 92' lang='lat' dir='ltr'>piis</span> 
     </span>
     <span class='ocr_line' id='line_1_15' title="bbox 135 1050 966 1102; baseline 0.002 -12"><span class='ocrx_word' id='word_1_63' title='bbox 135 1050 464 1102; x_wconf 69' lang='lat' dir='ltr'>precationibus</span> <span class='ocrx_word' id='word_1_64' title='bbox 492 1050 762 1092; x_wconf 87' lang='lat' dir='ltr'>extrahebat.</span> <span class='ocrx_word' id='word_1_65' title='bbox 799 1052 966 1094; x_wconf 86' lang='lat' dir='ltr'>Praeter</span> 
     </span>
     <span class='ocr_line' id='line_1_16' title="bbox 136 1105 966 1158; baseline 0.002 -12"><span class='ocrx_word' id='word_1_66' title='bbox 136 1105 220 1146; x_wconf 85' lang='lat' dir='ltr'>alia</span> <span class='ocrx_word' id='word_1_67' title='bbox 247 1106 420 1157; x_wconf 79' lang='lat' dir='ltr'>ieiunia,</span> <span class='ocrx_word' id='word_1_68' title='bbox 450 1119 549 1158; x_wconf 87' lang='lat' dir='ltr'>quae</span> <span class='ocrx_word' id='word_1_69' title='bbox 576 1106 818 1148; x_wconf 89' lang='lat' dir='ltr'>identidem</span> <span class='ocrx_word' id='word_1_70' title='bbox 845 1121 966 1148; x_wconf 93' lang='lat' dir='ltr'>usur-</span> 
     </span>
     <span class='ocr_line' id='line_1_17' title="bbox 135 1161 965 1214; baseline 0.004 -12"><span class='ocrx_word' id='word_1_71' title='bbox 135 1161 288 1214; x_wconf 86' lang='lat' dir='ltr'>pabat,</span> <span class='ocrx_word' id='word_1_72' title='bbox 320 1164 514 1212; x_wconf 89' lang='lat' dir='ltr'>integros</span> <span class='ocrx_word' id='word_1_73' title='bbox 547 1163 838 1214; x_wconf 85' lang='lat' dir='ltr'>quadraginta</span> <span class='ocrx_word' id='word_1_74' title='bbox 871 1164 965 1206; x_wconf 91' lang='lat' dir='ltr'>dies</span> 
     </span>
     <span class='ocr_line' id='line_1_18' title="bbox 135 1218 965 1262; baseline 0.005 -4"><span class='ocrx_word' id='word_1_75' title='bbox 135 1222 235 1259; x_wconf 90' lang='lat' dir='ltr'>ante</span> <span class='ocrx_word' id='word_1_76' title='bbox 262 1218 458 1259; x_wconf 87' lang='lat' dir='ltr'>natalitia</span> <span class='ocrx_word' id='word_1_77' title='bbox 485 1218 596 1260; x_wconf 87' lang='lat' dir='ltr'>festa</span> <span class='ocrx_word' id='word_1_78' title='bbox 624 1224 746 1260; x_wconf 92' lang='lat' dir='ltr'>tanta</span> <span class='ocrx_word' id='word_1_79' title='bbox 774 1233 873 1261; x_wconf 90' lang='lat' dir='ltr'>cum</span> <span class='ocrx_word' id='word_1_80' title='bbox 902 1233 965 1262; x_wconf 90' lang='lat' dir='ltr'>se·</span> 
     </span>
     <span class='ocr_line' id='line_1_19' title="bbox 137 1273 965 1338; baseline 0.005 -24"><span class='ocrx_word' id='word_1_81' title='bbox 137 1273 320 1338; x_wconf 81' lang='lat' dir='ltr'>yeritate</span> <span class='ocrx_word' id='word_1_82' title='bbox 346 1275 536 1326; x_wconf 85' lang='lat' dir='ltr'>jejunare</span> <span class='ocrx_word' id='word_1_83' title='bbox 562 1276 807 1326; x_wconf 81' lang='lat' dir='ltr'>consuevit,</span> <span class='ocrx_word' id='word_1_84' title='bbox 835 1282 883 1318; x_wconf 93' lang='lat' dir='ltr'>ut</span> <span class='ocrx_word' id='word_1_85' title='bbox 910 1289 965 1322; x_wconf 92' lang='lat' dir='ltr'>ne</span> 
     </span>
     <span class='ocr_line' id='line_1_20' title="bbox 135 1308 965 1382; baseline 0.004 -12"><span class='ocrx_word' id='word_1_86' title='bbox 135 1329 179 1370; x_wconf 93' lang='lat' dir='ltr'>in</span> <span class='ocrx_word' id='word_1_87' title='bbox 214 1330 483 1381; x_wconf 87' lang='lat' dir='ltr'>gravissimis</span> <span class='ocrx_word' id='word_1_88' title='bbox 524 1329 702 1382; x_wconf 92' lang='lat' dir='ltr'>quidem</span> <span class='ocrx_word' id='word_1_89' title='bbox 737 1308 965 1373; x_wconf 69' lang='lat' dir='ltr'>doleribus</span> 
     </span>
     <span class='ocr_line' id='line_1_21' title="bbox 135 1386 965 1430; baseline 0.005 -4"><span class='ocrx_word' id='word_1_90' title='bbox 135 1386 429 1428; x_wconf 88' lang='lat' dir='ltr'>intermiserit.</span> <span class='ocrx_word' id='word_1_91' title='bbox 483 1386 644 1428; x_wconf 88' lang='lat' dir='ltr'>Divino</span> <span class='ocrx_word' id='word_1_92' title='bbox 677 1387 812 1429; x_wconf 87' lang='lat' dir='ltr'>cultui</span> <span class='ocrx_word' id='word_1_93' title='bbox 844 1387 965 1430; x_wconf 92' lang='lat' dir='ltr'>addi-</span> 
     </span>
     <span class='ocr_line' id='line_1_22' title="bbox 136 1442 965 1495; baseline 0.006 -13"><span class='ocrx_word' id='word_1_94' title='bbox 136 1442 346 1491; x_wconf 88' lang='lat' dir='ltr'>ctissima‚</span> <span class='ocrx_word' id='word_1_95' title='bbox 365 1442 531 1495; x_wconf 88' lang='lat' dir='ltr'>templa</span> <span class='ocrx_word' id='word_1_96' title='bbox 550 1443 738 1495; x_wconf 91' lang='lat' dir='ltr'>plurima</span> <span class='ocrx_word' id='word_1_97' title='bbox 759 1449 802 1485; x_wconf 90' lang='lat' dir='ltr'>et</span> <span class='ocrx_word' id='word_1_98' title='bbox 821 1447 965 1487; x_wconf 79' lang='lat' dir='ltr'>coene-</span> 
     </span>
     <span class='ocr_line' id='line_1_23' title="bbox 135 1497 965 1551; baseline 0.005 -12"><span class='ocrx_word' id='word_1_99' title='bbox 135 1497 209 1540; x_wconf 90' lang='lat' dir='ltr'>bia</span> <span class='ocrx_word' id='word_1_100' title='bbox 244 1498 406 1550; x_wconf 88' lang='lat' dir='ltr'>partim</span> <span class='ocrx_word' id='word_1_101' title='bbox 446 1511 501 1540; x_wconf 94' lang='lat' dir='ltr'>ex</span> <span class='ocrx_word' id='word_1_102' title='bbox 533 1501 704 1550; x_wconf 89' lang='lat' dir='ltr'>integro</span> <span class='ocrx_word' id='word_1_103' title='bbox 742 1501 965 1551; x_wconf 85' lang='lat' dir='ltr'>excitavit,</span> 
     </span>
     <span class='ocr_line' id='line_1_24' title="bbox 135 1554 965 1609; baseline 0.004 -14"><span class='ocrx_word' id='word_1_104' title='bbox 135 1554 296 1606; x_wconf 89' lang='lat' dir='ltr'>partim</span> <span class='ocrx_word' id='word_1_105' title='bbox 315 1555 554 1605; x_wconf 89' lang='lat' dir='ltr'>resarcivit,</span> <span class='ocrx_word' id='word_1_106' title='bbox 574 1561 618 1597; x_wconf 93' lang='lat' dir='ltr'>et</span> <span class='ocrx_word' id='word_1_107' title='bbox 637 1568 761 1598; x_wconf 89' lang='lat' dir='ltr'>sacra</span> <span class='ocrx_word' id='word_1_108' title='bbox 780 1557 965 1609; x_wconf 91' lang='lat' dir='ltr'>supelle-</span> 
     </span>
     <span class='ocr_line' id='line_1_25' title="bbox 137 1610 965 1662; baseline 0.004 -10"><span class='ocrx_word' id='word_1_109' title='bbox 137 1610 242 1659; x_wconf 89' lang='lat' dir='ltr'>ctili,</span> <span class='ocrx_word' id='word_1_110' title='bbox 275 1623 327 1652; x_wconf 88' lang='lat' dir='ltr'>ac</span> <span class='ocrx_word' id='word_1_111' title='bbox 355 1610 479 1662; x_wconf 90' lang='lat' dir='ltr'>largo</span> <span class='ocrx_word' id='word_1_112' title='bbox 507 1623 641 1653; x_wconf 93' lang='lat' dir='ltr'>censu</span> <span class='ocrx_word' id='word_1_113' title='bbox 670 1611 836 1654; x_wconf 87' lang='lat' dir='ltr'>ditavit.</span> <span class='ocrx_word' id='word_1_114' title='bbox 882 1614 965 1655; x_wconf 86' lang='lat' dir='ltr'>Re-</span> 
     </span>
     <span class='ocr_line' id='line_1_26' title="bbox 136 1667 965 1719; baseline 0.002 -11"><span class='ocrx_word' id='word_1_115' title='bbox 136 1678 236 1718; x_wconf 86' lang='lat' dir='ltr'>gem</span> <span class='ocrx_word' id='word_1_116' title='bbox 267 1667 499 1719; x_wconf 76' lang='lat' dir='ltr'>cunjugem</span> <span class='ocrx_word' id='word_1_117' title='bbox 529 1667 587 1708; x_wconf 93' lang='lat' dir='ltr'>ad</span> <span class='ocrx_word' id='word_1_118' title='bbox 622 1668 850 1710; x_wconf 78' lang='lat' dir='ltr'>melierem</span> <span class='ocrx_word' id='word_1_119' title='bbox 881 1669 965 1710; x_wconf 90' lang='lat' dir='ltr'>fru-</span> 
     </span>
     <span class='ocr_line' id='line_1_27' title="bbox 135 1722 965 1773; baseline 0.004 -9"><span class='ocrx_word' id='word_1_120' title='bbox 135 1734 246 1773; x_wconf 85' lang='lat' dir='ltr'><strong>gem,</strong></span> <span class='ocrx_word' id='word_1_121' title='bbox 267 1727 312 1764; x_wconf 92' lang='lat' dir='ltr'>et</span> <span class='ocrx_word' id='word_1_122' title='bbox 331 1722 388 1764; x_wconf 92' lang='lat' dir='ltr'>ad</span> <span class='ocrx_word' id='word_1_123' title='bbox 406 1723 564 1764; x_wconf 86' lang='lat' dir='ltr'>similia</span> <span class='ocrx_word' id='word_1_124' title='bbox 582 1724 671 1765; x_wconf 90' lang='lat' dir='ltr'>suis</span> <span class='ocrx_word' id='word_1_125' title='bbox 692 1725 965 1767; x_wconf 72' lang='lat' dir='ltr'>exercitatiu-</span> 
     </span>
     <span class='ocr_line' id='line_1_28' title="bbox 134 1778 964 1834; baseline 0.005 -15"><span class='ocrx_word' id='word_1_126' title='bbox 134 1778 262 1820; x_wconf 86' lang='lat' dir='ltr'>nibus</span> <span class='ocrx_word' id='word_1_127' title='bbox 287 1780 424 1831; x_wconf 70' lang='lat' dir='ltr'>Opera</span> <span class='ocrx_word' id='word_1_128' title='bbox 447 1779 736 1822; x_wconf 89' lang='lat' dir='ltr'>saluberrimo</span> <span class='ocrx_word' id='word_1_129' title='bbox 760 1782 964 1834; x_wconf 90' lang='lat' dir='ltr'>exemplo</span> 
     </span>
     <span class='ocr_line' id='line_1_29' title="bbox 135 1834 965 1887; baseline 0.004 -11"><span class='ocrx_word' id='word_1_130' title='bbox 135 1834 348 1885; x_wconf 86' lang='lat' dir='ltr'>traduxit,</span> <span class='ocrx_word' id='word_1_131' title='bbox 390 1835 644 1887; x_wconf 76' lang='lat' dir='ltr'>liberosque</span> <span class='ocrx_word' id='word_1_132' title='bbox 681 1849 834 1879; x_wconf 88' lang='lat' dir='ltr'>omnes</span> <span class='ocrx_word' id='word_1_133' title='bbox 874 1843 965 1879; x_wconf 90' lang='lat' dir='ltr'>tam</span> 
     </span>
     <span class='ocr_line' id='line_1_30' title="bbox 135 1891 963 1943; baseline 0.005 -11"><span class='ocrx_word' id='word_1_134' title='bbox 135 1895 285 1933; x_wconf 89' lang='lat' dir='ltr'>sancte</span> <span class='ocrx_word' id='word_1_135' title='bbox 309 1896 354 1933; x_wconf 92' lang='lat' dir='ltr'>et</span> <span class='ocrx_word' id='word_1_136' title='bbox 375 1891 559 1934; x_wconf 87' lang='lat' dir='ltr'>feliciter</span> <span class='ocrx_word' id='word_1_137' title='bbox 579 1891 798 1943; x_wconf 83' lang='lat' dir='ltr'>educavit,</span> <span class='ocrx_word' id='word_1_138' title='bbox 826 1898 874 1936; x_wconf 91' lang='lat' dir='ltr'>ut</span> <span class='ocrx_word' id='word_1_139' title='bbox 894 1896 963 1936; x_wconf 79' lang='lat' dir='ltr'>eo-</span> 
     </span>
     <span class='ocr_line' id='line_1_31' title="bbox 134 1946 966 2000; baseline 0.006 -13"><span class='ocrx_word' id='word_1_140' title='bbox 134 1959 233 1988; x_wconf 91' lang='lat' dir='ltr'>rum</span> <span class='ocrx_word' id='word_1_141' title='bbox 272 1946 473 2000; x_wconf 81' lang='lat' dir='ltr'>plerique</span> <span class='ocrx_word' id='word_1_142' title='bbox 513 1947 887 2000; x_wconf 65' lang='lat' dir='ltr'>quemadmodum</span> <span class='ocrx_word' id='word_1_143' title='bbox 922 1955 966 1992; x_wconf 91' lang='lat' dir='ltr'>et</span> 
     </span>
     <span class='ocr_line' id='line_1_32' title="bbox 135 2002 965 2056; baseline 0.005 -13"><span class='ocrx_word' id='word_1_144' title='bbox 135 2002 311 2053; x_wconf 88' lang='lat' dir='ltr'>Agatha</span> <span class='ocrx_word' id='word_1_145' title='bbox 333 2008 490 2054; x_wconf 90' lang='lat' dir='ltr'>mater,</span> <span class='ocrx_word' id='word_1_146' title='bbox 519 2008 563 2046; x_wconf 90' lang='lat' dir='ltr'>et</span> <span class='ocrx_word' id='word_1_147' title='bbox 583 2003 803 2046; x_wconf 88' lang='lat' dir='ltr'>Christina</span> <span class='ocrx_word' id='word_1_148' title='bbox 826 2018 965 2056; x_wconf 91' lang='lat' dir='ltr'>soror,</span> 
     </span>
     <span class='ocr_line' id='line_1_33' title="bbox 136 2038 965 2125; baseline 0.005 -26"><span class='ocrx_word' id='word_1_149' title='bbox 136 2059 460 2100; x_wconf 86' lang='lat' dir='ltr'>sanctissimum</span> <span class='ocrx_word' id='word_1_150' title='bbox 482 2060 586 2101; x_wconf 89' lang='lat' dir='ltr'>vitae</span> <span class='ocrx_word' id='word_1_151' title='bbox 610 2073 749 2112; x_wconf 90' lang='lat' dir='ltr'>genus</span> <span class='ocrx_word' id='word_1_152' title='bbox 774 2038 965 2125; x_wconf 80' lang='lat' dir='ltr'>amplexi</span> 
     </span>
     <span class='ocr_line' id='line_1_34' title="bbox 137 2113 965 2168; baseline 0.005 -14"><span class='ocrx_word' id='word_1_153' title='bbox 137 2113 232 2156; x_wconf 90' lang='lat' dir='ltr'>sint.</span> <span class='ocrx_word' id='word_1_154' title='bbox 263 2114 468 2156; x_wconf 88' lang='lat' dir='ltr'>Universi</span> <span class='ocrx_word' id='word_1_155' title='bbox 493 2115 669 2157; x_wconf 93' lang='lat' dir='ltr'>demum</span> <span class='ocrx_word' id='word_1_156' title='bbox 692 2117 815 2168; x_wconf 86' lang='lat' dir='ltr'>regni</span> <span class='ocrx_word' id='word_1_157' title='bbox 834 2117 965 2159; x_wconf 90' lang='lat' dir='ltr'>felici-</span> 
     </span>
     <span class='ocr_line' id='line_1_35' title="bbox 135 2170 965 2225; baseline 0.004 -14"><span class='ocrx_word' id='word_1_158' title='bbox 135 2170 218 2212; x_wconf 82' lang='lat' dir='ltr'>tati</span> <span class='ocrx_word' id='word_1_159' title='bbox 250 2170 499 2221; x_wconf 79' lang='lat' dir='ltr'>censulens‚</span> <span class='ocrx_word' id='word_1_160' title='bbox 538 2184 564 2212; x_wconf 90' lang='lat' dir='ltr'>a</span> <span class='ocrx_word' id='word_1_161' title='bbox 595 2172 712 2214; x_wconf 86' lang='lat' dir='ltr'>vitiis</span> <span class='ocrx_word' id='word_1_162' title='bbox 745 2173 965 2225; x_wconf 80' lang='lat' dir='ltr'>emnibus,</span> 
     </span>
     <span class='ocr_line' id='line_1_36' title="bbox 137 2203 966 2281; baseline 0.006 -15"><span class='ocrx_word' id='word_1_163' title='bbox 137 2237 236 2277; x_wconf 89' lang='lat' dir='ltr'>quae</span> <span class='ocrx_word' id='word_1_164' title='bbox 269 2226 418 2268; x_wconf 87' lang='lat' dir='ltr'>furtim</span> <span class='ocrx_word' id='word_1_165' title='bbox 448 2203 734 2280; x_wconf 81' lang='lat' dir='ltr'>irrepserant,</span> <span class='ocrx_word' id='word_1_166' title='bbox 772 2229 966 2281; x_wconf 83' lang='lat' dir='ltr'>populos</span> 
     </span>
     <span class='ocr_line' id='line_1_37' title="bbox 137 2283 965 2336; baseline 0.005 -14"><span class='ocrx_word' id='word_1_167' title='bbox 137 2283 412 2333; x_wconf 82' lang='lat' dir='ltr'>expurgavit,</span> <span class='ocrx_word' id='word_1_168' title='bbox 431 2284 584 2336; x_wconf 85' lang='lat' dir='ltr'>eisque</span> <span class='ocrx_word' id='word_1_169' title='bbox 602 2297 749 2326; x_wconf 90' lang='lat' dir='ltr'>mores</span> <span class='ocrx_word' id='word_1_170' title='bbox 769 2284 965 2327; x_wconf 84' lang='lat' dir='ltr'>christia-</span> 
     </span>
     <span class='ocr_line' id='line_1_38' title="bbox 135 2337 772 2390; baseline 0.006 -12"><span class='ocrx_word' id='word_1_171' title='bbox 135 2349 192 2378; x_wconf 90' lang='lat' dir='ltr'>na</span> <span class='ocrx_word' id='word_1_172' title='bbox 209 2337 376 2390; x_wconf 86' lang='lat' dir='ltr'>pietate</span> <span class='ocrx_word' id='word_1_173' title='bbox 395 2337 552 2389; x_wconf 87' lang='lat' dir='ltr'>dignos</span> <span class='ocrx_word' id='word_1_174' title='bbox 570 2341 772 2382; x_wconf 84' lang='lat' dir='ltr'>restituit.</span> 
     </span>
    </p>

    <p class='ocr_par' dir='ltr' id='par_1_7' title="bbox 134 2407 967 2685">
     <span class='ocr_line' id='line_1_39' title="bbox 186 2407 967 2459; baseline 0.003 -10"><span class='ocrx_word' id='word_1_175' title='bbox 186 2410 237 2459; x_wconf 93' lang='lat' dir='ltr'>R.</span> <span class='ocrx_word' id='word_1_176' title='bbox 272 2407 477 2450; x_wconf 85' lang='lat' dir='ltr'>Dilexisti</span> <span class='ocrx_word' id='word_1_177' title='bbox 502 2408 725 2459; x_wconf 84' lang='lat' dir='ltr'>justitiam,</span> <span class='ocrx_word' id='word_1_178' title='bbox 762 2414 806 2451; x_wconf 90' lang='lat' dir='ltr'>et</span> <span class='ocrx_word' id='word_1_179' title='bbox 834 2409 967 2451; x_wconf 90' lang='lat' dir='ltr'>odisti</span> 
     </span>
     <span class='ocr_line' id='line_1_40' title="bbox 135 2461 966 2516; baseline 0.005 -13"><span class='ocrx_word' id='word_1_180' title='bbox 135 2461 425 2514; x_wconf 83' lang='lat' dir='ltr'>iniquitatem:</span> <span class='ocrx_word' id='word_1_181' title='bbox 451 2466 474 2490; x_wconf 85' lang='lat'>*</span> <span class='ocrx_word' id='word_1_182' title='bbox 503 2464 746 2516; x_wconf 78' lang='lat' dir='ltr'>Propterea</span> <span class='ocrx_word' id='word_1_183' title='bbox 772 2466 896 2507; x_wconf 86' lang='lat' dir='ltr'>unxit</span> <span class='ocrx_word' id='word_1_184' title='bbox 922 2470 966 2508; x_wconf 90' lang='lat' dir='ltr'>te</span> 
     </span>
     <span class='ocr_line' id='line_1_41' title="bbox 135 2518 966 2568; baseline 0.006 -10"><span class='ocrx_word' id='word_1_185' title='bbox 135 2518 276 2568; x_wconf 90' lang='lat' dir='ltr'>Deus,</span> <span class='ocrx_word' id='word_1_186' title='bbox 329 2519 451 2560; x_wconf 85' lang='lat' dir='ltr'>Deus</span> <span class='ocrx_word' id='word_1_187' title='bbox 495 2524 597 2561; x_wconf 86' lang='lat' dir='ltr'>tuus</span> <span class='ocrx_word' id='word_1_188' title='bbox 646 2521 746 2562; x_wconf 77' lang='lat' dir='ltr'>eleo</span> <span class='ocrx_word' id='word_1_189' title='bbox 790 2521 966 2563; x_wconf 83' lang='lat' dir='ltr'>laetitiae.</span> 
     </span>
     <span class='ocr_line' id='line_1_42' title="bbox 134 2573 965 2627; baseline 0.004 -12"><span class='ocrx_word' id='word_1_190' title='bbox 134 2573 184 2624; x_wconf 68' lang='lat' dir='ltr'><strong>V</strong></span> <span class='ocrx_word' id='word_1_191' title='bbox 213 2575 401 2627; x_wconf 90' lang='lat' dir='ltr'>Propter</span> <span class='ocrx_word' id='word_1_192' title='bbox 429 2575 671 2626; x_wconf 84' lang='lat' dir='ltr'>veritatem,</span> <span class='ocrx_word' id='word_1_193' title='bbox 698 2581 743 2618; x_wconf 90' lang='lat' dir='ltr'>et</span> <span class='ocrx_word' id='word_1_194' title='bbox 768 2589 965 2619; x_wconf 85' lang='lat' dir='ltr'>mansue-</span> 
     </span>
     <span class='ocr_line' id='line_1_43' title="bbox 135 2630 966 2685; baseline 0.005 -14"><span class='ocrx_word' id='word_1_195' title='bbox 135 2630 349 2681; x_wconf 86' lang='lat' dir='ltr'>tudinem,</span> <span class='ocrx_word' id='word_1_196' title='bbox 386 2635 430 2673; x_wconf 88' lang='lat' dir='ltr'>et</span> <span class='ocrx_word' id='word_1_197' title='bbox 460 2632 676 2683; x_wconf 87' lang='lat' dir='ltr'>justitiam.</span> <span class='ocrx_word' id='word_1_198' title='bbox 725 2632 966 2685; x_wconf 83' lang='lat' dir='ltr'>Propterea</span> 
     </span>
    </p>
   </div>
   <div class='ocr_carea' id='block_1_5' title="bbox 1017 274 1902 2127">
    <p class='ocr_par' dir='ltr' id='par_1_8' title="bbox 1324 274 1547 314">
     <span class='ocr_line' id='line_1_44' title="bbox 1324 274 1547 314; baseline -0.004 0"><span class='ocrx_word' id='word_1_199' title='bbox 1324 274 1474 314; x_wconf 88' lang='lat' dir='ltr'>Lectio</span> <span class='ocrx_word' id='word_1_200' title='bbox 1496 276 1547 313; x_wconf 79' lang='lat' dir='ltr'>vi.</span> 
     </span>
    </p>

    <p class='ocr_par' dir='ltr' id='par_1_9' title="bbox 1117 331 1849 386">
     <span class='ocr_line' id='line_1_45' title="bbox 1117 331 1849 386; baseline 0.007 -14"><span class='ocrx_word' id='word_1_201' title='bbox 1117 331 1194 372; x_wconf 93' lang='lat' dir='ltr'>ihil</span> <span class='ocrx_word' id='word_1_202' title='bbox 1221 337 1367 375; x_wconf 88' lang='lat' dir='ltr'>tamen</span> <span class='ocrx_word' id='word_1_203' title='bbox 1401 347 1527 386; x_wconf 88' lang='lat' dir='ltr'>aeque</span> <span class='ocrx_word' id='word_1_204' title='bbox 1554 335 1598 375; x_wconf 92' lang='lat' dir='ltr'>in</span> <span class='ocrx_word' id='word_1_205' title='bbox 1625 335 1699 376; x_wconf 88' lang='lat' dir='ltr'>illa</span> <span class='ocrx_word' id='word_1_206' title='bbox 1725 336 1849 377; x_wconf 86' lang='lat' dir='ltr'>mira-</span> 
     </span>
    </p>

    <p class='ocr_par' dir='ltr' id='par_1_10' title="bbox 1017 388 1902 1892">
     <span class='ocr_line' id='line_1_46' title="bbox 1120 388 1848 441; baseline 0.007 -12"><span class='ocrx_word' id='word_1_207' title='bbox 1120 388 1208 430; x_wconf 92' lang='lat' dir='ltr'>bile</span> <span class='ocrx_word' id='word_1_208' title='bbox 1228 389 1322 439; x_wconf 86' lang='lat' dir='ltr'>fuit,</span> <span class='ocrx_word' id='word_1_209' title='bbox 1347 403 1399 431; x_wconf 90' lang='lat' dir='ltr'>ac</span> <span class='ocrx_word' id='word_1_210' title='bbox 1424 391 1761 441; x_wconf 86' lang='lat' dir='ltr'>flagrantissima</span> <span class='ocrx_word' id='word_1_211' title='bbox 1781 395 1848 434; x_wconf 89' lang='lat' dir='ltr'>ca-</span> 
     </span>
     <span class='ocr_line' id='line_1_47' title="bbox 1018 445 1850 517; baseline 0.006 -32"><span class='ocrx_word' id='word_1_212' title='bbox 1018 445 1125 487; x_wconf 89' lang='lat' dir='ltr'>ritas</span> <span class='ocrx_word' id='word_1_213' title='bbox 1166 458 1270 497; x_wconf 84' lang='lat' dir='ltr'>erga</span> <span class='ocrx_word' id='word_1_214' title='bbox 1310 447 1558 499; x_wconf 69' lang='lat' dir='ltr'>maximos,</span> <span class='ocrx_word' id='word_1_215' title='bbox 1603 450 1850 517; x_wconf 81' lang='lat' dir='ltr'>praesertim</span> 
     </span>
     <span class='ocr_line' id='line_1_48' title="bbox 1021 502 1850 556; baseline 0.006 -15"><span class='ocrx_word' id='word_1_216' title='bbox 1021 502 1198 552; x_wconf 88' lang='lat' dir='ltr'>egenos,</span> <span class='ocrx_word' id='word_1_217' title='bbox 1228 515 1413 554; x_wconf 91' lang='lat' dir='ltr'>quorum</span> <span class='ocrx_word' id='word_1_218' title='bbox 1441 505 1685 545; x_wconf 85' lang='lat' dir='ltr'>numerosis</span> <span class='ocrx_word' id='word_1_219' title='bbox 1713 506 1850 556; x_wconf 85' lang='lat' dir='ltr'>gregi-</span> 
     </span>
     <span class='ocr_line' id='line_1_49' title="bbox 1019 557 1850 614; baseline 0.005 -16"><span class='ocrx_word' id='word_1_220' title='bbox 1019 557 1102 598; x_wconf 92' lang='lat' dir='ltr'>bus</span> <span class='ocrx_word' id='word_1_221' title='bbox 1121 570 1209 599; x_wconf 94' lang='lat' dir='ltr'>non</span> <span class='ocrx_word' id='word_1_222' title='bbox 1227 559 1361 600; x_wconf 92' lang='lat' dir='ltr'>modo</span> <span class='ocrx_word' id='word_1_223' title='bbox 1381 560 1541 612; x_wconf 87' lang='lat' dir='ltr'>stipem</span> <span class='ocrx_word' id='word_1_224' title='bbox 1566 560 1731 602; x_wconf 85' lang='lat' dir='ltr'>affatim</span> <span class='ocrx_word' id='word_1_225' title='bbox 1750 574 1850 614; x_wconf 90' lang='lat' dir='ltr'>sup-</span> 
     </span>
     <span class='ocr_line' id='line_1_50' title="bbox 1017 613 1850 665; baseline 0.005 -11"><span class='ocrx_word' id='word_1_226' title='bbox 1017 613 1235 665; x_wconf 88' lang='lat' dir='ltr'>peditare,</span> <span class='ocrx_word' id='word_1_227' title='bbox 1286 627 1437 656; x_wconf 88' lang='lat' dir='ltr'>verum</span> <span class='ocrx_word' id='word_1_228' title='bbox 1474 616 1605 656; x_wconf 87' lang='lat' dir='ltr'>etiam</span> <span class='ocrx_word' id='word_1_229' title='bbox 1641 618 1850 658; x_wconf 88' lang='lat' dir='ltr'>trecentis</span> 
     </span>
     <span class='ocr_line' id='line_1_51' title="bbox 1019 669 1849 722; baseline 0.006 -12"><span class='ocrx_word' id='word_1_230' title='bbox 1019 669 1217 720; x_wconf 87' lang='lat' dir='ltr'>quotidie</span> <span class='ocrx_word' id='word_1_231' title='bbox 1252 673 1449 712; x_wconf 90' lang='lat' dir='ltr'>materna</span> <span class='ocrx_word' id='word_1_232' title='bbox 1476 671 1748 722; x_wconf 85' lang='lat' dir='ltr'>benignitate</span> <span class='ocrx_word' id='word_1_233' title='bbox 1777 673 1849 715; x_wconf 91' lang='lat' dir='ltr'>da-</span> 
     </span>
     <span class='ocr_line' id='line_1_52' title="bbox 1018 726 1849 778; baseline 0.005 -12"><span class='ocrx_word' id='word_1_234' title='bbox 1018 738 1098 777; x_wconf 92' lang='lat' dir='ltr'>pes</span> <span class='ocrx_word' id='word_1_235' title='bbox 1117 726 1329 778; x_wconf 86' lang='lat' dir='ltr'>praebere‚</span> <span class='ocrx_word' id='word_1_236' title='bbox 1350 727 1475 768; x_wconf 86' lang='lat' dir='ltr'>flexis</span> <span class='ocrx_word' id='word_1_237' title='bbox 1495 728 1709 778; x_wconf 86' lang='lat' dir='ltr'>genibus</span> <span class='ocrx_word' id='word_1_238' title='bbox 1698 742 1741 769; x_wconf 92' lang='lat' dir='ltr'>1n</span> <span class='ocrx_word' id='word_1_239' title='bbox 1760 742 1849 771; x_wconf 92' lang='lat' dir='ltr'>mo-</span> 
     </span>
     <span class='ocr_line' id='line_1_53' title="bbox 1018 782 1850 835; baseline 0.005 -13"><span class='ocrx_word' id='word_1_240' title='bbox 1018 794 1111 822; x_wconf 92' lang='lat' dir='ltr'>rem</span> <span class='ocrx_word' id='word_1_241' title='bbox 1131 782 1303 823; x_wconf 85' lang='lat' dir='ltr'>ancillae</span> <span class='ocrx_word' id='word_1_242' title='bbox 1322 783 1587 833; x_wconf 84' lang='lat' dir='ltr'>ministrare,</span> <span class='ocrx_word' id='word_1_243' title='bbox 1612 785 1743 835; x_wconf 87' lang='lat' dir='ltr'>regiis</span> <span class='ocrx_word' id='word_1_244' title='bbox 1762 788 1850 827; x_wconf 86' lang='lat' dir='ltr'>ma·</span> 
     </span>
     <span class='ocr_line' id='line_1_54' title="bbox 1018 837 1850 893; baseline 0.006 -15"><span class='ocrx_word' id='word_1_245' title='bbox 1018 837 1146 879; x_wconf 91' lang='lat' dir='ltr'>nibus</span> <span class='ocrx_word' id='word_1_246' title='bbox 1182 839 1321 890; x_wconf 90' lang='lat' dir='ltr'>pedes</span> <span class='ocrx_word' id='word_1_247' title='bbox 1358 839 1554 889; x_wconf 78' lang='lat' dir='ltr'>abluere,</span> <span class='ocrx_word' id='word_1_248' title='bbox 1607 846 1650 882; x_wconf 89' lang='lat' dir='ltr'>et</span> <span class='ocrx_word' id='word_1_249' title='bbox 1685 842 1850 893; x_wconf 89' lang='lat' dir='ltr'>pressis</span> 
     </span>
     <span class='ocr_line' id='line_1_55' title="bbox 1019 894 1850 946; baseline 0.006 -12"><span class='ocrx_word' id='word_1_250' title='bbox 1019 894 1152 934; x_wconf 90' lang='lat' dir='ltr'>etiam</span> <span class='ocrx_word' id='word_1_251' title='bbox 1180 895 1341 936; x_wconf 77' lang='lat' dir='ltr'>esculis</span> <span class='ocrx_word' id='word_1_252' title='bbox 1370 895 1517 936; x_wconf 90' lang='lat' dir='ltr'>ulcera</span> <span class='ocrx_word' id='word_1_253' title='bbox 1546 896 1713 946; x_wconf 90' lang='lat' dir='ltr'>fovere,</span> <span class='ocrx_word' id='word_1_254' title='bbox 1742 898 1850 939; x_wconf 90' lang='lat' dir='ltr'>sole-</span> 
     </span>
     <span class='ocr_line' id='line_1_56' title="bbox 1018 950 1851 1005; baseline 0.006 -15"><span class='ocrx_word' id='word_1_255' title='bbox 1018 963 1119 991; x_wconf 91' lang='lat' dir='ltr'>mne</span> <span class='ocrx_word' id='word_1_256' title='bbox 1155 950 1318 993; x_wconf 79' lang='lat' dir='ltr'>habuit.</span> <span class='ocrx_word' id='word_1_257' title='bbox 1372 952 1455 992; x_wconf 91' lang='lat' dir='ltr'>His</span> <span class='ocrx_word' id='word_1_258' title='bbox 1491 965 1627 1004; x_wconf 91' lang='lat' dir='ltr'>porro</span> <span class='ocrx_word' id='word_1_259' title='bbox 1666 953 1851 1005; x_wconf 91' lang='lat' dir='ltr'>aliisque</span> 
     </span>
     <span class='ocr_line' id='line_1_57' title="bbox 1018 1006 1850 1060; baseline 0.006 -14"><span class='ocrx_word' id='word_1_260' title='bbox 1018 1006 1102 1058; x_wconf 91' lang='lat' dir='ltr'>piis</span> <span class='ocrx_word' id='word_1_261' title='bbox 1130 1008 1378 1059; x_wconf 83' lang='lat' dir='ltr'>sumptibus</span> <span class='ocrx_word' id='word_1_262' title='bbox 1402 1021 1490 1050; x_wconf 92' lang='lat' dir='ltr'>non</span> <span class='ocrx_word' id='word_1_263' title='bbox 1514 1009 1657 1060; x_wconf 86' lang='lat' dir='ltr'>regias</span> <span class='ocrx_word' id='word_1_264' title='bbox 1681 1014 1850 1051; x_wconf 92' lang='lat' dir='ltr'>tantum</span> 
     </span>
     <span class='ocr_line' id='line_1_58' title="bbox 1018 1065 1850 1116; baseline 0.005 -13"><span class='ocrx_word' id='word_1_265' title='bbox 1018 1068 1182 1113; x_wconf 78' lang='lat' dir='ltr'>vestes,</span> <span class='ocrx_word' id='word_1_266' title='bbox 1208 1068 1252 1105; x_wconf 92' lang='lat' dir='ltr'>et</span> <span class='ocrx_word' id='word_1_267' title='bbox 1274 1065 1470 1116; x_wconf 80' lang='lat' dir='ltr'>pretiesa</span> <span class='ocrx_word' id='word_1_268' title='bbox 1496 1065 1675 1107; x_wconf 88' lang='lat' dir='ltr'>monilia</span> <span class='ocrx_word' id='word_1_269' title='bbox 1695 1066 1850 1108; x_wconf 87' lang='lat' dir='ltr'>distra-</span> 
     </span>
     <span class='ocr_line' id='line_1_59' title="bbox 1018 1119 1852 1173; baseline 0.005 -14"><span class='ocrx_word' id='word_1_270' title='bbox 1018 1119 1097 1169; x_wconf 84' lang='lat' dir='ltr'>xit3</span> <span class='ocrx_word' id='word_1_271' title='bbox 1122 1119 1202 1161; x_wconf 91' lang='lat' dir='ltr'>sed</span> <span class='ocrx_word' id='word_1_272' title='bbox 1221 1120 1366 1173; x_wconf 90' lang='lat' dir='ltr'>ipsum</span> <span class='ocrx_word' id='word_1_273' title='bbox 1385 1134 1474 1162; x_wconf 95' lang='lat' dir='ltr'>non</span> <span class='ocrx_word' id='word_1_274' title='bbox 1494 1122 1631 1163; x_wconf 91' lang='lat' dir='ltr'>semel</span> <span class='ocrx_word' id='word_1_275' title='bbox 1650 1122 1852 1164; x_wconf 80' lang='lat' dir='ltr'>exhausit</span> 
     </span>
     <span class='ocr_line' id='line_1_60' title="bbox 1019 1175 1849 1231; baseline 0.005 -16"><span class='ocrx_word' id='word_1_276' title='bbox 1019 1175 1234 1216; x_wconf 86' lang='lat' dir='ltr'>aerarium.</span> <span class='ocrx_word' id='word_1_277' title='bbox 1262 1177 1483 1219; x_wconf 91' lang='lat' dir='ltr'>Toleratis</span> <span class='ocrx_word' id='word_1_278' title='bbox 1503 1177 1679 1219; x_wconf 91' lang='lat' dir='ltr'>demum</span> <span class='ocrx_word' id='word_1_279' title='bbox 1699 1178 1756 1219; x_wconf 93' lang='lat' dir='ltr'>ad</span> <span class='ocrx_word' id='word_1_280' title='bbox 1776 1191 1849 1231; x_wconf 89' lang='lat' dir='ltr'>pa-</span> 
     </span>
     <span class='ocr_line' id='line_1_61' title="bbox 1018 1232 1852 1276; baseline 0.005 -4"><span class='ocrx_word' id='word_1_281' title='bbox 1018 1232 1182 1273; x_wconf 90' lang='lat' dir='ltr'>tientiae</span> <span class='ocrx_word' id='word_1_282' title='bbox 1196 1233 1455 1274; x_wconf 81' lang='lat' dir='ltr'>miraculum</span> <span class='ocrx_word' id='word_1_283' title='bbox 1470 1233 1766 1275; x_wconf 87' lang='lat' dir='ltr'>acerbissimis</span> <span class='ocrx_word' id='word_1_284' title='bbox 1783 1234 1852 1276; x_wconf 96' lang='lat' dir='ltr'>do-</span> 
     </span>
     <span class='ocr_line' id='line_1_62' title="bbox 1018 1287 1850 1343; baseline 0.005 -15"><span class='ocrx_word' id='word_1_285' title='bbox 1018 1287 1201 1338; x_wconf 78' lang='lat' dir='ltr'>leribus‚</span> <span class='ocrx_word' id='word_1_286' title='bbox 1222 1289 1410 1330; x_wconf 85' lang='lat' dir='ltr'>animam</span> <span class='ocrx_word' id='word_1_287' title='bbox 1429 1291 1631 1331; x_wconf 89' lang='lat' dir='ltr'>semestri</span> <span class='ocrx_word' id='word_1_288' title='bbox 1651 1291 1850 1343; x_wconf 78' lang='lat' dir='ltr'>cerporis</span> 
     </span>
     <span class='ocr_line' id='line_1_63' title="bbox 1019 1345 1850 1397; baseline 0.004 -12"><span class='ocrx_word' id='word_1_289' title='bbox 1019 1345 1307 1395; x_wconf 78' lang='lat' dir='ltr'>aegrotatiene</span> <span class='ocrx_word' id='word_1_290' title='bbox 1322 1348 1553 1397; x_wconf 79' lang='lat' dir='ltr'>purgatam</span> <span class='ocrx_word' id='word_1_291' title='bbox 1570 1346 1755 1388; x_wconf 84' lang='lat' dir='ltr'>Auctori</span> <span class='ocrx_word' id='word_1_292' title='bbox 1769 1360 1850 1388; x_wconf 90' lang='lat' dir='ltr'>suo</span> 
     </span>
     <span class='ocr_line' id='line_1_64' title="bbox 1019 1401 1902 1454; baseline 0.005 -13"><span class='ocrx_word' id='word_1_293' title='bbox 1019 1406 1177 1452; x_wconf 92' lang='lat' dir='ltr'>quarto</span> <span class='ocrx_word' id='word_1_294' title='bbox 1209 1401 1315 1442; x_wconf 93' lang='lat' dir='ltr'>Idus</span> <span class='ocrx_word' id='word_1_295' title='bbox 1347 1402 1463 1443; x_wconf 89' lang='lat' dir='ltr'>Junii</span> <span class='ocrx_word' id='word_1_296' title='bbox 1498 1401 1700 1444; x_wconf 89' lang='lat' dir='ltr'>reddidit.</span> <span class='ocrx_word' id='word_1_297' title='bbox 1752 1404 1850 1454; x_wconf 91' lang='lat' dir='ltr'>Quo</span> <span class='ocrx_word' id='word_1_298' title='bbox 1900 1440 1902 1444; x_wconf 80' lang='grc'>,</span> 
     </span>
     <span class='ocr_line' id='line_1_65' title="bbox 1018 1457 1849 1511; baseline 0.005 -14"><span class='ocrx_word' id='word_1_299' title='bbox 1018 1457 1230 1509; x_wconf 93' lang='lat' dir='ltr'>temporis</span> <span class='ocrx_word' id='word_1_300' title='bbox 1249 1459 1473 1500; x_wconf 90' lang='lat' dir='ltr'>momento</span> <span class='ocrx_word' id='word_1_301' title='bbox 1493 1459 1628 1500; x_wconf 83' lang='lat' dir='ltr'>facies</span> <span class='ocrx_word' id='word_1_302' title='bbox 1648 1460 1739 1511; x_wconf 80' lang='lat' dir='ltr'>eius</span> <span class='ocrx_word' id='word_1_303' title='bbox 1759 1459 1849 1501; x_wconf 91' lang='lat' dir='ltr'>diu-</span> 
     </span>
     <span class='ocr_line' id='line_1_66' title="bbox 1017 1513 1849 1566; baseline 0.004 -12"><span class='ocrx_word' id='word_1_304' title='bbox 1017 1513 1134 1557; x_wconf 90' lang='lat' dir='ltr'>turni</span> <span class='ocrx_word' id='word_1_305' title='bbox 1159 1513 1303 1555; x_wconf 92' lang='lat' dir='ltr'>morbi</span> <span class='ocrx_word' id='word_1_306' title='bbox 1330 1515 1470 1556; x_wconf 89' lang='lat' dir='ltr'>macie</span> <span class='ocrx_word' id='word_1_307' title='bbox 1499 1527 1551 1556; x_wconf 91' lang='lat' dir='ltr'>ac</span> <span class='ocrx_word' id='word_1_308' title='bbox 1578 1515 1748 1566; x_wconf 79' lang='lat' dir='ltr'>pallere</span> <span class='ocrx_word' id='word_1_309' title='bbox 1774 1516 1849 1557; x_wconf 87' lang='lat' dir='ltr'>foe-</span> 
     </span>
     <span class='ocr_line' id='line_1_67' title="bbox 1019 1568 1849 1622; baseline 0.005 -12"><span class='ocrx_word' id='word_1_310' title='bbox 1019 1568 1140 1619; x_wconf 90' lang='lat' dir='ltr'>data,</span> <span class='ocrx_word' id='word_1_311' title='bbox 1176 1570 1355 1611; x_wconf 77' lang='lat' dir='ltr'>inselita</span> <span class='ocrx_word' id='word_1_312' title='bbox 1392 1570 1583 1622; x_wconf 89' lang='lat' dir='ltr'>quadam</span> <span class='ocrx_word' id='word_1_313' title='bbox 1618 1574 1849 1614; x_wconf 86' lang='lat' dir='ltr'>venustate</span> 
     </span>
     <span class='ocr_line' id='line_1_68' title="bbox 1018 1626 1850 1679; baseline 0.005 -14"><span class='ocrx_word' id='word_1_314' title='bbox 1018 1626 1225 1666; x_wconf 77' lang='lat' dir='ltr'>refleruit.</span> <span class='ocrx_word' id='word_1_315' title='bbox 1253 1626 1374 1667; x_wconf 89' lang='lat' dir='ltr'>Miris</span> <span class='ocrx_word' id='word_1_316' title='bbox 1395 1627 1526 1668; x_wconf 88' lang='lat' dir='ltr'>etiam</span> <span class='ocrx_word' id='word_1_317' title='bbox 1545 1633 1650 1679; x_wconf 93' lang='lat' dir='ltr'>post</span> <span class='ocrx_word' id='word_1_318' title='bbox 1663 1633 1850 1670; x_wconf 93' lang='lat' dir='ltr'>mortem</span> 
     </span>
     <span class='ocr_line' id='line_1_69' title="bbox 1018 1681 1850 1733; baseline 0.006 -12"><span class='ocrx_word' id='word_1_319' title='bbox 1018 1681 1232 1733; x_wconf 87' lang='lat' dir='ltr'>prodigiis</span> <span class='ocrx_word' id='word_1_320' title='bbox 1253 1682 1387 1732; x_wconf 90' lang='lat' dir='ltr'>clara,</span> <span class='ocrx_word' id='word_1_321' title='bbox 1414 1688 1458 1724; x_wconf 92' lang='lat' dir='ltr'>et</span> <span class='ocrx_word' id='word_1_322' title='bbox 1478 1682 1716 1725; x_wconf 87' lang='lat' dir='ltr'>Clementis</span> <span class='ocrx_word' id='word_1_323' title='bbox 1736 1683 1850 1726; x_wconf 91' lang='lat' dir='ltr'>deci—</span> 
     </span>
     <span class='ocr_line' id='line_1_70' title="bbox 1018 1737 1851 1792; baseline 0.005 -15"><span class='ocrx_word' id='word_1_324' title='bbox 1018 1737 1077 1778; x_wconf 93' lang='lat' dir='ltr'>mi</span> <span class='ocrx_word' id='word_1_325' title='bbox 1096 1738 1360 1780; x_wconf 85' lang='lat' dir='ltr'>auctoritate</span> <span class='ocrx_word' id='word_1_326' title='bbox 1379 1739 1422 1779; x_wconf 94' lang='lat' dir='ltr'>in</span> <span class='ocrx_word' id='word_1_327' title='bbox 1438 1739 1600 1781; x_wconf 77' lang='lat' dir='ltr'>Scetiae</span> <span class='ocrx_word' id='word_1_328' title='bbox 1619 1743 1851 1792; x_wconf 77' lang='lat' dir='ltr'>patrenam</span> 
     </span>
     <span class='ocr_line' id='line_1_71' title="bbox 1018 1794 1849 1848; baseline 0.005 -14"><span class='ocrx_word' id='word_1_329' title='bbox 1018 1796 1217 1847; x_wconf 85' lang='lat' dir='ltr'>accepta,</span> <span class='ocrx_word' id='word_1_330' title='bbox 1243 1794 1408 1846; x_wconf 90' lang='lat' dir='ltr'>ubique</span> <span class='ocrx_word' id='word_1_331' title='bbox 1433 1798 1652 1837; x_wconf 86' lang='lat' dir='ltr'>terrarum</span> <span class='ocrx_word' id='word_1_332' title='bbox 1677 1797 1849 1848; x_wconf 86' lang='lat' dir='ltr'>religio-</span> 
     </span>
     <span class='ocr_line' id='line_1_72' title="bbox 1019 1850 1378 1892; baseline 0.003 -2"><span class='ocrx_word' id='word_1_333' title='bbox 1019 1850 1191 1891; x_wconf 87' lang='lat' dir='ltr'>sissime</span> <span class='ocrx_word' id='word_1_334' title='bbox 1209 1850 1378 1892; x_wconf 74' lang='lat' dir='ltr'>celitur.</span> 
     </span>
    </p>

    <p class='ocr_par' dir='ltr' id='par_1_11' title="bbox 1017 1906 1850 2118">
     <span class='ocr_line' id='line_1_73' title="bbox 1071 1906 1849 1961; baseline 0.005 -15"><span class='ocrx_word' id='word_1_335' title='bbox 1071 1907 1122 1958; x_wconf 89' lang='lat' dir='ltr'>R.</span> <span class='ocrx_word' id='word_1_336' title='bbox 1138 1906 1291 1947; x_wconf 90' lang='lat' dir='ltr'>Fallax</span> <span class='ocrx_word' id='word_1_337' title='bbox 1310 1907 1464 1957; x_wconf 83' lang='lat' dir='ltr'>gratia,</span> <span class='ocrx_word' id='word_1_338' title='bbox 1483 1912 1527 1949; x_wconf 89' lang='lat' dir='ltr'>et</span> <span class='ocrx_word' id='word_1_339' title='bbox 1541 1920 1654 1949; x_wconf 90' lang='lat' dir='ltr'>vana</span> <span class='ocrx_word' id='word_1_340' title='bbox 1673 1913 1740 1950; x_wconf 91' lang='lat' dir='ltr'>est</span> <span class='ocrx_word' id='word_1_341' title='bbox 1756 1909 1849 1961; x_wconf 93' lang='lat' dir='ltr'>pul-</span> 
     </span>
     <span class='ocr_line' id='line_1_74' title="bbox 1019 1961 1849 2014; baseline 0.005 -12"><span class='ocrx_word' id='word_1_342' title='bbox 1019 1961 1238 2004; x_wconf 86' lang='lat' dir='ltr'>chritudo:</span> <span class='ocrx_word' id='word_1_343' title='bbox 1267 1963 1290 1987; x_wconf 90' lang='lat'>*</span> <span class='ocrx_word' id='word_1_344' title='bbox 1314 1963 1472 2005; x_wconf 90' lang='lat' dir='ltr'>Mulier</span> <span class='ocrx_word' id='word_1_345' title='bbox 1504 1964 1662 2006; x_wconf 90' lang='lat' dir='ltr'>timens</span> <span class='ocrx_word' id='word_1_346' title='bbox 1694 1965 1849 2014; x_wconf 87' lang='lat' dir='ltr'>Deum,</span> 
     </span>
     <span class='ocr_line' id='line_1_75' title="bbox 1017 2012 1849 2069; baseline 0.006 -12"><span class='ocrx_word' id='word_1_347' title='bbox 1017 2017 1114 2069; x_wconf 89' lang='lat' dir='ltr'>ipsa</span> <span class='ocrx_word' id='word_1_348' title='bbox 1153 2017 1413 2060; x_wconf 77' lang='lat' dir='ltr'>laudabitur.</span> <span class='ocrx_word' id='word_1_349' title='bbox 1470 2012 1520 2063; x_wconf 63' lang='lat' dir='ltr'>V</span> <span class='ocrx_word' id='word_1_350' title='bbox 1555 2020 1670 2062; x_wconf 90' lang='lat' dir='ltr'>Date</span> <span class='ocrx_word' id='word_1_351' title='bbox 1712 2021 1752 2062; x_wconf 92' lang='lat' dir='ltr'>ei</span> <span class='ocrx_word' id='word_1_352' title='bbox 1794 2021 1849 2062; x_wconf 91' lang='lat' dir='ltr'>de</span> 
     </span>
     <span class='ocr_line' id='line_1_76' title="bbox 1017 2073 1850 2127; baseline 0.006 -14"><span class='ocrx_word' id='word_1_353' title='bbox 1017 2073 1161 2115; x_wconf 88' lang='lat' dir='ltr'>fructu</span> <span class='ocrx_word' id='word_1_354' title='bbox 1180 2077 1388 2116; x_wconf 89' lang='lat' dir='ltr'>manuum</span> <span class='ocrx_word' id='word_1_355' title='bbox 1403 2078 1592 2127; x_wconf 82' lang='lat' dir='ltr'>suarum,</span> <span class='ocrx_word' id='word_1_356' title='bbox 1608 2082 1652 2118; x_wconf 91' lang='lat' dir='ltr'>et</span> <span class='ocrx_word' id='word_1_357' title='bbox 1669 2076 1850 2118; x_wconf 86' lang='lat' dir='ltr'>laudent</span> 
     </span>
    </p>
   </div>
   <div class='ocr_carea' id='block_1_6' title="bbox 1019 2131 1848 2289">
    <p class='ocr_par' dir='ltr' id='par_1_12' title="bbox 1019 2131 1848 2289">
     <span class='ocr_line' id='line_1_77' title="bbox 1019 2131 1848 2185; baseline 0.004 -14"><span class='ocrx_word' id='word_1_358' title='bbox 1019 2143 1115 2172; x_wconf 90' lang='lat' dir='ltr'>eam</span> <span class='ocrx_word' id='word_1_359' title='bbox 1142 2131 1186 2171; x_wconf 91' lang='lat' dir='ltr'>in</span> <span class='ocrx_word' id='word_1_360' title='bbox 1210 2132 1352 2184; x_wconf 91' lang='lat' dir='ltr'>portis</span> <span class='ocrx_word' id='word_1_361' title='bbox 1379 2134 1516 2185; x_wconf 79' lang='lat' dir='ltr'>epera</span> <span class='ocrx_word' id='word_1_362' title='bbox 1540 2134 1642 2185; x_wconf 78' lang='lat' dir='ltr'>ejuS.</span> <span class='ocrx_word' id='word_1_363' title='bbox 1682 2134 1848 2176; x_wconf 87' lang='lat' dir='ltr'>Mulier.</span> 
     </span>
     <span class='ocr_line' id='line_1_78' title="bbox 1022 2185 1518 2231; baseline 0.006 -4"><span class='ocrx_word' id='word_1_364' title='bbox 1022 2185 1171 2228; x_wconf 70' lang='lat' dir='ltr'>Gloria</span> <span class='ocrx_word' id='word_1_365' title='bbox 1189 2187 1321 2229; x_wconf 92' lang='lat' dir='ltr'>Patri.</span> <span class='ocrx_word' id='word_1_366' title='bbox 1349 2188 1518 2231; x_wconf 91' lang='lat' dir='ltr'>Mulier.</span> 
     </span>
     <span class='ocr_line' id='line_1_79' title="bbox 1072 2245 1848 2289; baseline 0.001 -10"><span class='ocrx_word' id='word_1_367' title='bbox 1072 2245 1115 2279; x_wconf 90' lang='lat' dir='ltr'>In</span> <span class='ocrx_word' id='word_1_368' title='bbox 1139 2245 1204 2279; x_wconf 85' lang='lat'>111.</span> <span class='ocrx_word' id='word_1_369' title='bbox 1220 2245 1421 2280; x_wconf 90' lang='lat' dir='ltr'>Nocturno</span> <span class='ocrx_word' id='word_1_370' title='bbox 1446 2246 1618 2280; x_wconf 84' lang='lat' dir='ltr'>Homilia</span> <span class='ocrx_word' id='word_1_371' title='bbox 1643 2246 1682 2280; x_wconf 88' lang='lat' dir='ltr'>in</span> <span class='ocrx_word' id='word_1_372' title='bbox 1703 2246 1848 2289; x_wconf 81' lang='lat' dir='ltr'>Evang.</span> 
     </span>
    </p>
   </div>
   <div class='ocr_carea' id='block_1_7' title="bbox 1020 2293 1849 2387">
    <p class='ocr_par' dir='ltr' id='par_1_13' title="bbox 1020 2293 1849 2387">
     <span class='ocr_line' id='line_1_80' title="bbox 1020 2293 1849 2339; baseline 0.006 -11"><span class='ocrx_word' id='word_1_373' title='bbox 1020 2293 1150 2329; x_wconf 84' lang='lat' dir='ltr'>Simile</span> <span class='ocrx_word' id='word_1_374' title='bbox 1168 2299 1227 2330; x_wconf 91' lang='lat' dir='ltr'>est</span> <span class='ocrx_word' id='word_1_375' title='bbox 1245 2305 1408 2339; x_wconf 86' lang='lat' dir='ltr'>regnum</span> <span class='ocrx_word' id='word_1_376' title='bbox 1423 2297 1620 2333; x_wconf 79' lang='lat' dir='ltr'>coelerum.</span> <span class='ocrx_word' id='word_1_377' title='bbox 1643 2294 1690 2329; x_wconf 80' lang='lat' dir='ltr'>de</span> <span class='ocrx_word' id='word_1_378' title='bbox 1713 2295 1849 2329; x_wconf 77' lang='lat' dir='ltr'>eodem</span> 
     </span>
     <span class='ocr_line' id='line_1_81' title="bbox 1021 2341 1359 2387; baseline 0.009 -12"><span class='ocrx_word' id='word_1_379' title='bbox 1021 2341 1233 2375; x_wconf 90' lang='lat' dir='ltr'>Communi.</span> <span class='ocrx_word' id='word_1_380' title='bbox 1257 2343 1359 2387; x_wconf 86' lang='lat'>[108]</span> 
     </span>
    </p>
   </div>
   <div class='ocr_carea' id='block_1_8' title="bbox 1073 2393 1846 2437">
    <p class='ocr_par' dir='ltr' id='par_1_14' title="bbox 1073 2393 1846 2437">
     <span class='ocr_line' id='line_1_82' title="bbox 1073 2393 1846 2437; baseline 0 -11"><span class='ocrx_word' id='word_1_381' title='bbox 1073 2393 1188 2436; x_wconf 84' lang='lat' dir='ltr'>Vesp.</span> <span class='ocrx_word' id='word_1_382' title='bbox 1214 2393 1261 2427; x_wconf 92' lang='lat' dir='ltr'>de</span> <span class='ocrx_word' id='word_1_383' title='bbox 1287 2404 1392 2437; x_wconf 85' lang='lat' dir='ltr'>sequ.</span> <span class='ocrx_word' id='word_1_384' title='bbox 1418 2404 1503 2428; x_wconf 92' lang='lat' dir='ltr'>cum</span> <span class='ocrx_word' id='word_1_385' title='bbox 1528 2404 1661 2428; x_wconf 89' lang='lat' dir='ltr'>comm.</span> <span class='ocrx_word' id='word_1_386' title='bbox 1683 2393 1846 2436; x_wconf 82' lang='lat' dir='ltr'>praeced.</span> 
     </span>
    </p>
   </div>
   <div class='ocr_carea' id='block_1_9' title="bbox 1281 2474 1631 2523">
    <p class='ocr_par' dir='ltr' id='par_1_15' title="bbox 1281 2474 1631 2523">
     <span class='ocr_line' id='line_1_83' title="bbox 1281 2474 1631 2523; baseline 0.009 -2"><span class='ocrx_word' id='word_1_387' title='bbox 1281 2480 1366 2522; x_wconf 89' lang='lat' dir='ltr'>Die</span> <span class='ocrx_word' id='word_1_388' title='bbox 1385 2482 1437 2522; x_wconf 91' lang='lat'>11.</span> <span class='ocrx_word' id='word_1_389' title='bbox 1455 2481 1582 2523; x_wconf 89' lang='lat' dir='ltr'>Junii.</span> <span class='ocrx_word' id='word_1_390' title='bbox 1622 2474 1631 2482; x_wconf 82' lang='grc'><strong>’</strong></span> 
     </span>
    </p>
   </div>
   <div class='ocr_carea' id='block_1_10' title="bbox 1152 2540 1710 2637">
    <p class='ocr_par' dir='ltr' id='par_1_16' title="bbox 1152 2540 1710 2637">
     <span class='ocr_line' id='line_1_84' title="bbox 1152 2540 1710 2594; baseline -0.006 -11"><span class='ocrx_word' id='word_1_391' title='bbox 1152 2542 1196 2583; x_wconf 81' lang='lat' dir='ltr'>S.</span> <span class='ocrx_word' id='word_1_392' title='bbox 1219 2543 1471 2586; x_wconf 84' lang='lat' dir='ltr'>Barnabae</span> <span class='ocrx_word' id='word_1_393' title='bbox 1494 2540 1710 2594; x_wconf 87' lang='lat' dir='ltr'>Apostoli.</span> 
     </span>
     <span class='ocr_line' id='line_1_85' title="bbox 1275 2593 1588 2637; baseline 0.003 -10"><span class='ocrx_word' id='word_1_394' title='bbox 1275 2593 1431 2637; x_wconf 83' lang='lat' dir='ltr'>Duplex</span> <span class='ocrx_word' id='word_1_395' title='bbox 1454 2595 1588 2637; x_wconf 79' lang='lat' dir='ltr'>majus,</span> 
     </span>
    </p>
   </div>
   <div class='ocr_carea' id='block_1_11' title="bbox 1018 2644 1844 2742">
    <p class='ocr_par' dir='ltr' id='par_1_17' title="bbox 1018 2644 1844 2742">
     <span class='ocr_line' id='line_1_86' title="bbox 1071 2644 1844 2688; baseline -0.005 -9"><span class='ocrx_word' id='word_1_396' title='bbox 1071 2645 1208 2679; x_wconf 87' lang='lat' dir='ltr'>Omnia</span> <span class='ocrx_word' id='word_1_397' title='bbox 1241 2645 1288 2679; x_wconf 88' lang='lat' dir='ltr'>de</span> <span class='ocrx_word' id='word_1_398' title='bbox 1322 2646 1525 2680; x_wconf 87' lang='lat' dir='ltr'>Communi</span> <span class='ocrx_word' id='word_1_399' title='bbox 1555 2644 1844 2688; x_wconf 85' lang='lat' dir='ltr'>Apostolorum.</span> 
     </span>
     <span class='ocr_line' id='line_1_87' title="bbox 1018 2697 1361 2742; baseline 0 -15"><span class='ocrx_word' id='word_1_400' title='bbox 1018 2698 1065 2742; x_wconf 89' lang='lat'>[2]</span> <span class='ocrx_word' id='word_1_401' title='bbox 1090 2697 1232 2735; x_wconf 70' lang='lat' dir='ltr'>praeter</span> <span class='ocrx_word' id='word_1_402' title='bbox 1256 2703 1361 2736; x_wconf 89' lang='lat' dir='ltr'>sequ.</span> 
     </span>
    </p>
   </div>
   <div class='ocr_carea' id='block_1_12' title="bbox 77 121 1909 2852">
    <p class='ocr_par' dir='ltr' id='par_1_18' title="bbox 77 121 1909 2852">
     <span class='ocr_line' id='line_1_88' title="bbox 77 121 1909 2852; baseline 0 0"><span class='ocrx_word' id='word_1_403' title='bbox 77 121 1909 2852; x_wconf 95' lang='lat' dir='ltr'> </span> 
     </span>
    </p>
   </div>
  </div>
 </body>
</html>
