2040 2976
629 182 671 215 In
697 183 823 217 Festis
849 194 918 227 per
942 185 1097 218 Annum
1123 186 1171 218 ad
1196 186 1374 220 Primam.
1821 184 1863 219 31

147 289 228 317 vus
248 280 394 316 autem
419 280 521 316 tuus
546 274 834 317 exercebatur
857 275 901 316 in
921 276 980 327 ju-

148 331 483 373 stificationibus
502 332 599 372 tuis.

198 387 314 428 Nam
333 391 377 428 et
395 387 647 428 testimenia
661 391 736 428 tua
750 386 978 428 meditatio

147 456 245 484 mea
274 447 354 484 est:
373 443 396 468 *
417 447 461 483 et
489 443 719 484 consilium
747 455 893 483 meum
920 443 979 494 ju-

149 499 435 540 stificationes
455 503 554 539 tuae.

199 554 402 596 Adhaesit
425 554 675 606 pavimento
701 554 845 595 anima
867 568 979 596 mea:

146 611 171 636 *
203 610 377 651 vivifica
413 623 483 651 me
520 609 763 651 secundum
795 610 979 652 verbum

147 671 281 707 tuum.

198 722 307 763 Vias
326 734 446 763 meas
472 721 709 770 enuntiavi,
735 726 778 763 et
803 723 978 764 exaudi-

148 778 203 819 sti
230 791 314 819 me:
341 778 364 803 *
394 777 505 819 doce
541 791 611 819 me
647 778 978 829 justificatienes

146 838 255 875 tuas.
974 844 978 848 ’

198 889 329 931 Viam
347 889 702 941 justificationum
726 892 900 931 tuarum
918 893 977 930 in-

147 950 267 987 strue
294 958 380 986 me:
399 946 422 971 *
442 950 486 986 et
515 945 756 986 exercebor
783 946 826 986 in
851 947 976 987 mira-

146 1001 307 1043 bilibus
326 1002 423 1042 tuis.

197 1057 465 1098 Dormitavit
493 1057 636 1098 anima
663 1070 761 1098 mea
785 1071 879 1110 prae
903 1061 978 1099 ta'e-

146 1112 234 1154 dio:
253 1113 277 1138 *
297 1113 509 1154 confirma
526 1126 597 1154 me
616 1113 660 1153 in
679 1113 826 1155 verbis
845 1115 942 1155 tuis.

195 1169 327 1210 Viam
351 1168 592 1221 iniquitatis
618 1170 774 1210 amove
799 1182 825 1210 a
847 1183 934 1211 me:
953 1171 977 1197 *

145 1229 189 1266 et
208 1223 263 1266 de
282 1224 379 1275 lege
397 1229 473 1265 tua
490 1225 699 1266 miserere
718 1225 816 1266 mei.

194 1280 327 1322 Viam
363 1280 561 1321 veritatis
600 1280 730 1331 elegi:
762 1281 785 1306 *
817 1281 976 1332 judicia

143 1341 220 1377 tua
238 1349 327 1377 non
347 1349 443 1377 sum
463 1335 637 1377 oblitus.

195 1391 379 1433 Adhaesi
393 1392 654 1433 testimoniis
669 1392 755 1433 tuis
771 1393 975 1435 Domine:

143 1448 166 1474 *
186 1448 276 1489 noli
294 1461 364 1489 me
385 1448 663 1490 confundere.

194 1504 326 1545 Viam
357 1503 666 1545 mandaterum
694 1506 871 1545 tuerum
903 1517 974 1545 cu-

143 1560 271 1610 curri,
289 1560 313 1586 *
332 1572 432 1601 cum
451 1559 646 1602 dilatasti
665 1573 743 1601 cor
760 1573 918 1601 meum.

191 1624 279 1659 Ant.
305 1631 539 1670 competens.

193 1715 454 1766 Capitulum.
648 1720 676 1758 1.
698 1719 807 1759 Tim.
829 1722 856 1759 1.
878 1720 916 1760 d.

139 1777 301 1884 Regi
316 1783 580 1825 saecu16rum
593 1784 831 1825 immortali
850 1789 893 1826 et
910 1785 972 1826 in-

247 1839 418 1889 visibili,
438 1839 522 1880 soli
534 1840 633 1881 Deo
647 1839 800 1890 honor,
820 1845 864 1882 et
881 1841 971 1891 glo-

140 1895 205 1936 ria
222 1895 266 1935 in
286 1895 447 1936 saecula
467 1895 740 1937 saeculorum.
768 1897 922 1938 Amen.

191 1953 241 2004 Rv.
268 1951 366 1992 Deo
384 1951 560 2002 gratias.

190 2009 240 2060 R.
261 2007 323 2049 br.
349 2006 522 2048 Christe
535 2007 618 2048 Fili
631 2008 715 2049 Dei
733 2008 831 2058 vivi,
850 2014 873 2037 *
893 2009 970 2050 Mi-

139 2064 286 2104 serere
306 2062 444 2104 nobis.
472 2065 527 2104 Et
547 2065 773 2116 repetitur:
797 2063 970 2106 Christe

138 2117 220 2158 Fili
230 2118 315 2160 Dei
324 2118 424 2168 vivi,
442 2119 652 2160 miserere
665 2118 805 2161 nobis.
823 2118 872 2168 v.
886 2121 970 2171 Qui

139 2173 268 2215 sedes
293 2174 349 2215 ad
374 2173 603 2216 dexteram
620 2175 775 2216 Patris.
814 2178 863 2228 Ην.
890 2176 968 2217 Mi-

139 2231 286 2271 serere
317 2229 456 2271 nobis.
496 2226 546 2277 V.
577 2230 730 2271 Gleria
756 2231 892 2282 Patri,
925 2237 969 2274 et

138 2284 261 2334 Filio,
281 2290 325 2327 et
338 2285 519 2338 Spiritui
537 2291 702 2328 sancto.
731 2290 780 2341 Ιζι.
796 2287 967 2330 Christe

138 2340 220 2381 Fili
239 2341 324 2382 Dei
342 2341 439 2391 vivi,
457 2342 666 2384 miserere
685 2342 824 2384 nobis.

191 2403 239 2455 V.
262 2409 463 2460 Exsurge
482 2410 669 2461 Christe,
694 2410 852 2462 adjuva
874 2425 965 2453 nos.

134 2468 188 2520 R·-
219 2466 277 2506 Et
307 2464 446 2507 libera
476 2478 558 2507 nos
589 2470 775 2519 propter
806 2480 966 2510 nomen

137 2525 270 2562 tuum.

193 2590 341 2624 Preces
377 2589 487 2635 Kyrie
512 2589 669 2626 eleison.
699 2603 786 2634 quae
810 2603 888 2627 non
913 2594 967 2627 di-

138 2641 274 2671 cuntur
305 2638 344 2671 in
375 2638 526 2682 Duplic.
558 2649 628 2673 nec
661 2639 759 2673 infra
791 2639 870 2675 Oct.
900 2642 965 2675 ha-

138 2684 275 2718 bentur
299 2696 415 2729 supra
443 2687 479 2720 in
504 2686 717 2721 Dominica.
741 2686 794 2722 22.

1086 275 1136 326 V.
1175 276 1392 317 Dominus
1424 277 1663 319 vobiscum.
1711 284 1759 335 R·-
1807 280 1864 321 Et

1031 344 1131 372 cum
1151 332 1308 384 spiritu
1327 337 1416 373 tuo.

1138 398 1333 438 Oremus.
1594 404 1756 443 Oratio.

1032 451 1264 554 Domine
1297 453 1419 493 Deus
1455 457 1754 507 omnipotens,
1789 457 1863 508 qui

1135 507 1192 549 ad
1221 508 1485 560 principium
1511 509 1637 562 hujus
1666 511 1751 552 diei
1779 525 1861 553 nos

1030 566 1260 616 pervenire
1298 564 1457 605 fecisti:
1499 570 1575 607 tua
1612 580 1693 608 nos
1730 568 1862 610 hedie

1031 620 1152 660 salva
1172 620 1348 670 virtute3
1372 626 1421 662 ut
1439 622 1483 661 in
1502 622 1584 663 hac
1605 622 1675 664 die
1696 623 1751 665 ad
1771 625 1861 665 nul-

1029 676 1120 716 lum
1132 675 1401 717 declinemus
1411 680 1655 729 peccatum,
1668 679 1746 720 sed
1754 693 1862 721 sem-

1029 745 1109 784 per
1138 732 1195 773 ad
1222 737 1344 773 tuam
1376 734 1584 784 justitiam
1616 735 1862 777 faciendam

1030 793 1182 829 nostra
1199 788 1446 841 procedant
1465 790 1655 842 elo'quia,
1676 791 1861 842 dirigan-

1029 849 1101 885 tur
1121 845 1411 895 cogitationes
1431 851 1474 887 et
1494 848 1640 898 opera.
1670 848 1755 888 Per
1773 848 1861 889 Do-

1029 901 1194 941 minum
1215 906 1425 942 nostrum.
1456 905 1505 955 Rg.
1524 902 1678 943 Amen.

1080 953 1129 1004 Υ
1172 957 1389 997 Βόιῃίηυε
1431 958 1670 1000 vobiscum.
1721 963 1767 1014 Ιῇ.
1805 960 1862 1001 Et

1030 1025 1130 1053 cum
1150 1013 1305 1065 spiritu
1325 1018 1413 1054 tuo.

1080 1065 1129 1116 V.
1141 1069 1463 1110 Benedicamus
1474 1071 1677 1112 Demino.
1700 1075 1749 1125 Rg.
1761 1072 1858 1113 Deo

1027 1125 1202 1174 gratias.

1079 1190 1228 1223 Deinde
1257 1191 1292 1223 in
1317 1190 1446 1224 Choro
1469 1191 1611 1233 legitur
1632 1194 1858 1238 Martyrolo-

1027 1239 1141 1279 gium.
1189 1238 1233 1271 Et
1264 1239 1420 1281 quando
1452 1239 1614 1274 dicenda
1642 1247 1699 1275 est
1730 1243 1856 1277 Prima

1028 1286 1080 1318 de*
1092 1286 1132 1318 B.
1152 1285 1283 1320 Maria,
1310 1287 1551 1328 praeponitur
1568 1288 1742 1323 Lectioni
1762 1292 1857 1324 Mar-

1026 1333 1221 1375 tyrologii.

1078 1389 1220 1422 Postea
1245 1388 1585 1423 Hebdomadarius
1612 1390 1705 1425 dicit

1078 1433 1127 1484 V.
1142 1438 1343 1479 Pretiesa
1357 1438 1401 1478 in
1417 1441 1658 1491 conspectu
1668 1439 1856 1480 Demini.

1027 1496 1075 1546 R.
1095 1493 1216 1534 Mors
1235 1496 1490 1535 saneterum
1509 1496 1610 1546 ejus.

1078 1558 1124 1591 Et
1148 1558 1324 1591 absolute
1351 1558 1433 1591 sine
1458 1555 1629 1591 Oremus.

1363 1614 1526 1654 Oratio.

1026 1663 1224 1771 Sancta
1255 1667 1413 1718 Maria,
1447 1671 1491 1709 et
1524 1680 1677 1709 omnes
1708 1668 1856 1710 Sancti

1110 1722 1387 1765 intercedant
1413 1737 1496 1776 pro
1524 1723 1652 1766 nobis
1682 1724 1739 1766 ad
1766 1725 1854 1766 Do-

1023 1779 1203 1820 minum:
1240 1784 1288 1821 ut
1319 1792 1401 1820 nos
1433 1782 1679 1821 mereamur
1712 1780 1766 1822 ab
1801 1794 1853 1822 eo

1024 1835 1220 1887 adjuvari
1240 1840 1284 1877 et
1307 1835 1482 1886 salvari,
1509 1836 1583 1888 qui
1601 1836 1708 1878 vivit
1728 1842 1771 1878 et
1790 1850 1852 1879 re-

1022 1896 1128 1942 gnat
1145 1891 1189 1932 in
1208 1892 1371 1933 saecula
1389 1892 1663 1934 saeculorum.

1076 1951 1124 2001 R.
1154 1947 1307 1989 Amen.

1076 2000 1125 2051 V.
1144 2004 1266 2045 Deus
1285 2004 1330 2044 in
1349 2003 1613 2055 adjuterium
1631 2017 1777 2046 meum
1790 2005 1851 2046 in—

1021 2058 1165 2100 tende.
1200 2062 1248 2113 R·.
1273 2060 1462 2101 Demine
1481 2059 1538 2101 ad
1557 2060 1851 2112 adjuvandum

1020 2127 1091 2156 me
1111 2115 1279 2156 festina.

1073 2181 1120 2214 Et
1145 2180 1286 2214 dicitur
1309 2186 1381 2215 ter:
1406 2182 1541 2216 ultimo
1565 2183 1721 2217 additur

1075 2230 1225 2272 Gleria
1242 2231 1373 2272 Patri.
1400 2231 1521 2272 Sicut
1540 2235 1644 2273 erat.

1085 2291 1214 2342 Kyrie
1247 2290 1422 2332 eleison.
1462 2290 1637 2334 Christe
1674 2290 1847 2332 eleison.

1030 2347 1157 2399 Kyrie
1176 2346 1351 2388 eleison.

1072 2405 1200 2443 Pater
1219 2407 1381 2444 noster.
1406 2411 1587 2446 secreto.

1076 2457 1124 2506 V.
1138 2458 1196 2499 Et
1214 2470 1269 2499 ne
1288 2470 1370 2499 nos
1388 2457 1571 2499 inducas
1586 2458 1630 2498 in
1644 2458 1845 2499 tentatie-

1018 2526 1129 2554 nem.
1159 2518 1208 2569 R.
1226 2513 1314 2555 Sed
1331 2513 1470 2555 libera
1488 2526 1570 2554 nos
1589 2526 1614 2554 a
1631 2513 1759 2554 malo.

1074 2568 1123 2620 V.
1151 2569 1343 2622 Respice
1374 2570 1418 2609 in
1448 2581 1600 2610 servos
1628 2573 1728 2610 tuos
1755 2568 1843 2608 Do-

1016 2625 1148 2674 mine,
1177 2630 1221 2666 et
1242 2625 1287 2666 in
1306 2627 1442 2677 (Spera
1461 2629 1551 2674 tua,
1577 2629 1621 2665 et
1639 2623 1777 2674 dirige
1796 2623 1842 2663 fi-

1016 2680 1100 2721 lios
1119 2682 1282 2722 ebrum.
1316 2688 1364 2738 R.
1378 2681 1435 2722 Et
1454 2680 1510 2722 sit
1528 2678 1737 2734 splendor
1751 2679 1840 2721 De-
