2040 2976
578 205 753 238 Officium
781 206 953 239 votivum
980 206 1025 240 (lc
1052 207 1238 239 I‘assionc
1265 206 1306 239 Ι).
1330 205 1372 238 N.
1395 206 1427 238 J.
1450 206 1488 239 C.

226 300 324 340 Ant,
354 295 610 339 Diviserunt
637 295 719 337 sibi
746 297 1006 338 vestimenta

172 364 280 400 mea,
307 356 350 392 et
374 364 506 403 super
530 357 696 393 vestem
716 365 860 394 meam
879 354 1004 394 mise-

174 413 273 449 runt
293 412 469 448 sortem.

226 467 276 516 V,
299 463 486 505 Oblatus
509 469 585 514 est,
611 464 713 516 quia
736 465 831 517 ipse
854 465 1004 507 voluit.

179 528 223 577 lg„
250 520 307 561 Et
326 519 465 561 livore
485 521 576 572 ejus
596 521 737 562 sanati
757 534 918 562 sumus.

229 587 429 620 Lectiones
455 588 501 621 de
526 588 722 630 Scriptura
749 594 980 622 occurrente.

229 642 275 691 lg„
306 642 327 679 i.
359 636 502 677 Vinea
529 649 628 678 mea
657 637 815 687 electa,
849 650 931 689 ego
960 642 1005 679 te

172 692 377 744 plantavi,
398 692 504 733 dicit
518 693 749 734 Dominus:
771 699 814 735 et
828 699 876 735 tu
890 694 1005 735 facta

173 761 220 789 es
238 747 344 788 mihi
366 748 495 789 nimis
518 751 681 790 amara:
703 756 726 779 *
750 750 860 799 Quia
879 752 1003 802 para-

172 804 229 845 sti
257 817 431 845 crucem
459 805 678 846 Salvatori
705 811 794 847 tuo.
840 806 889 856 Y.
923 806 1004 846 Ρό-

172 860 275 912 pule
303 873 446 910 meus,
480 860 585 912 quid
613 861 697 902 feci
727 861 826 912 tibi,
860 866 935 902 aut
961 862 1003 902 in

174 929 262 968 quo
282 917 541 958 contristavi
559 916 625 958 te?
647 917 869 970 responde
889 917 1003 958 mihi.

173 973 285 1022 Quia
303 973 481 1024 parasti.

227 1034 274 1084 R’·
299 1035 337 1074 ii.
368 1029 463 1080 Ego
490 1028 623 1070 eduxi
646 1034 691 1071 te
717 1029 771 1071 de
795 1031 1004 1082 AEgypto,

173 1084 376 1126 demerso
415 1084 644 1126 Pharaone
686 1086 734 1126 -in
770 1086 891 1127 Mare
936 1099 1003 1127 ru-

172 1141 311 1190 brum,
332 1146 376 1182 et
391 1146 491 1182 ante
507 1146 551 1182 te
566 1142 722 1193 praeivi
740 1142 785 1182 in
801 1142 1004 1183 columna

172 1196 319 1238 nubis:
344 1199 365 1220 *
395 1197 453 1238 Et
478 1202 526 1238 tu
550 1210 621 1238 me
644 1197 865 1239 tradidisti
890 1199 1004 1250 prin-

172 1253 343 1305 cipibus
364 1253 655 1303 sacerdotum,
683 1259 727 1295 et
750 1267 821 1295 me
842 1254 1003 1296 duxisti

171 1309 228 1350 ad
269 1310 525 1362 praetorium
561 1310 702 1351 Pilati.
749 1306 799 1357 δ”.
833 1311 1004 1363 Popule

171 1379 313 1414 meus,
347 1365 453 1417 quid
485 1366 570 1406 feci
601 1365 700 1415 tibi,
733 1371 808 1407 aut
839 1367 883 1407 in
917 1379 1004 1419 quo

172 1422 430 1463 contristavi
449 1420 516 1463 te?
543 1421 765 1474 responde
786 1423 902 1463 mihi.
938 1423 1004 1464 Et.

222 1481 270 1531 R'·
295 1481 350 1519 iii.
383 1478 479 1528 Ego
506 1484 690 1530 propter
716 1484 760 1520 te
787 1479 1005 1530 flagellavi

172 1534 415 1586 AEgyptum
443 1547 542 1575 cum
567 1535 871 1586 primogenitis
897 1536 1004 1576 suis:

168 1591 190 1614 *
212 1591 269 1631 Et
286 1595 335 1630 tu
354 1603 423 1631 me
443 1590 711 1640 flagellatum
729 1591 960 1641 tradidisti,
977 1596 999 1619 *

173 1646 257 1695 Qui
291 1651 516 1698 tamquam
554 1659 691 1697 agnus
729 1659 879 1688 coram
909 1652 1002 1688 ton-

172 1701 303 1743 dente
323 1715 370 1743 se
391 1702 601 1751 obmatui‚
622 1708 665 1744 et
681 1716 770 1744 non
785 1704 938 1755 aperui
953 1716 1003 1744 os

171 1770 326 1798 meum.
359 1754 408 1805 V.
439 1758 610 1810 Po'pule
633 1771 768 1808 meus,
793 1758 899 1811 quid
921 1759 1003 1801 feci

170 1812 261 1862 tibi,
286 1819 361 1855 aut
384 1814 428 1854 in
451 1827 538 1866 quo
563 1815 823 1856 contristavi
845 1813 912 1856 te?
938 1828 1001 1857 re-

171 1869 342 1921 sponde
367 1870 482 1910 mihi.
519 1871 575 1912 Et
598 1875 656 1912 tu.
702 1870 866 1913 Gloria.
909 1872 1003 1922 Qui.

401 1959 449 1997 In
469 1960 519 1998 II.
539 1959 762 1998 Nocturno.

223 2029 320 2069 Ant.
350 2025 520 2067 Inimici
538 2026 636 2066 mei.

438 2092 637 2132 Psalmus
657 2094 728 2132 40.

182 2151 406 2198 inffeatus
426 2150 500 2201 qui
523 2151 724 2201 intelligit
747 2165 880 2204 super
905 2154 1000 2202 ege-

182 2193 275 2262 }23213‘21
298 2219 418 2255 num,
450 2211 494 2247 et
520 2210 779 2259 pauperem:
807 2210 830 2234 *
858 2208 902 2248 in
931 2208 1001 2249 die

175 2255 276 2284 '—”⁵—³
297 2261 412 2302 mala
431 2261 634 2304 liberabit
654 2276 754 2304 eum
772 2264 1000 2305 DOminus.

220 2317 436 2358 Dominus
465 2320 696 2361 conservet
724 2332 840 2369 eum,
870 2325 913 2361 et
940 2320 998 2360 vi-

168 2373 316 2414 vificet
341 2385 451 2422 eum,
476 2378 520 2414 et
542 2373 722 2416 beatum
746 2376 878 2416 faciat
899 2388 999 2417 eum

166 2429 211 2469 in
238 2434 373 2470 terra:
406 2430 430 2454 *
464 2434 508 2470 et
535 2442 622 2470 non
653 2431 800 2472 tradat
829 2444 928 2472 eum
955 2431 998 2471 in

168 2485 358 2526 animam
386 2485 661 2526 inimicorum
690 2488 790 2538 ejus.

218 2540 434 2582 Dominus
467 2553 599 2593 opem
630 2542 742 2584 ferat
773 2543 833 2583 illi
867 2557 999 2596 super

166 2596 329 2638 lectum
358 2596 525 2638 doloris
554 2598 664 2648 ejus:
696 2600 720 2624 *
747 2599 998 2640 universum

167 2658 355 2694 stratum
371 2653 460 2704 ejus
479 2654 665 2694 versasti
683 2654 726 2694 in
745 2654 998 2696 infirmitate

167 2722 268 2760 ejus.

1111 298 1208 348 Ego
1228 297 1332 339 dixi:
1357 298 1546 339 Damine
1563 297 1773 339 miserere
1790 298 1892 339 mei:

1061 354 1083 378 *
1113 366 1218 394 sana
1252 354 1441 395 animam
1467 366 1631 403 meam,
1663 353 1764 406 quia
1791 367 1891 406 pec-

1062 409 1157 450 cavi
1184 409 1276 450 tibi.

1111 466 1283 507 Inimici
1303 466 1390 507 mei
1414 465 1617 507 dixerunt
1640 465 1756 507 mala
1772 465 1893 506 mihi:

1059 523 1083 548 *
1108 521 1295 571 Quando
1319 522 1542 570 morietur,
1567 527 1612 564 et
1634 522 1795 575 peribit
1818 535 1892 564 no-

1059 590 1159 618 rnen
1188 577 1302 630 ejus?

1111 634 1168 675 Et
1200 634 1236 675 si
1270 634 1597 685 ingrediebatur
1629 638 1679 675 ut
1710 633 1891 684 videret,

1059 703 1172 731 vana
1198 690 1481 742 loquebatur,
1514 691 1538 716 *
1568 703 1644 732 cor
1673 690 1763 742 ejus
1791 702 1891 731 con-

1058 747 1258 797 gregavit
1286 747 1562 798 iniquitatem
1590 746 1683 788 sibi.

1110 802 1430 853 Egrediebatur
1458 802 1592 852 foras,
1620 805 1644 828 *
1673 807 1717 844 et
1741 803 1891 856 loque-

1059 856 1188 899 batur
1207 859 1251 899 in
1270 859 1474 911 idipsum.

1112 914 1891 957 Adversummesusurrabantomnes

1059 971 1221 1016 inimici
1246 971 1347 1012 mei:
1372 973 1396 997 *
1421 970 1657 1012 adversum
1681 984 1752 1013 me
1777 971 1892 1022 cogi-

1059 1027 1212 1069 tabant
1238 1027 1354 1068 mala
1380 1027 1496 1067 mihi.

1110 1082 1310 1125 Verbum
1340 1083 1537 1135 iniquum
1573 1083 1892 1125 constituerunt

1059 1139 1293 1180 adversum
1311 1152 1395 1180 me:
1415 1140 1438 1166 *
1457 1138 1684 1192 Numquid
1702 1139 1776 1192 qui
1790 1139 1889 1181 dor-

1058 1196 1138 1236 mit
1155 1208 1245 1237 non
1264 1195 1439 1247 adjiciet
1457 1200 1505 1238 ut
1524 1194 1747 1247 resurgat?

1110 1252 1284 1293 Etenim
1302 1251 1436 1293 homo
1454 1252 1577 1304 pacis
1595 1265 1718 1302 meae,
1738 1251 1783 1292 in
1804 1264 1891 1304 quo

1059 1308 1248 1360 speravi:
1271 1308 1294 1334 *
1318 1308 1392 1360 qui
1415 1308 1576 1350 edebat
1599 1321 1736 1361 panes
1755 1320 1891 1358 meos,

1057 1364 1355 1415 magnificavit
1383 1377 1517 1417 super
1541 1377 1612 1406 me
1639 1364 1890 1417 supplanta-

1057 1420 1233 1462 tionem.

1115 1477 1185 1518 Tu
1202 1482 1348 1519 autem
1362 1477 1552 1518 Damine
1570 1477 1778 1519 miserere
1793 1477 1890 1526 mei,

1058 1538 1102 1574 et
1120 1533 1335 1575 resascita
1352 1546 1438 1575 me:
1456 1535 1480 1561 *
1500 1538 1543 1575 et
1562 1533 1802 1575 retribuam
1817 1533 1890 1574 eis.

1108 1590 1160 1629 In
1174 1589 1260 1631 hoc
1280 1590 1468 1641 cognovi
1489 1590 1696 1642 quoniam
1711 1589 1890 1631 voluisti

1057 1658 1146 1686 me:
1173 1646 1196 1671 *
1226 1647 1435 1697 quoniam
1462 1659 1551 1687 non
1577 1646 1788 1697 gaudebit
1814 1646 1890 1686 ini-

1056 1704 1195 1743 micus
1223 1715 1346 1743 meus
1375 1715 1509 1755 super
1535 1715 1616 1744 me.

1109 1757 1181 1799 Me
1209 1763 1357 1799 autem
1383 1763 1568 1811 propter
1595 1758 1889 1800 innocentiam

1056 1815 1305 1866 suscepisti:
1333 1816 1357 1841 *
1385 1819 1430 1855 et
1454 1814 1724 1856 confirmasti
1747 1826 1819 1855 me
1843 1813 1889 1854 in

1056 1872 1298 1922 conspectu
1325 1875 1402 1912 tuo
1430 1871 1475 1911 in
1503 1872 1728 1912 aeternum.

1107 1926 1375 1968 Benedictus
1390 1927 1605 1969 D6minus
1617 1927 1739 1968 Deus
1750 1925 1889 1967 Israel

1055 1995 1080 2022 a
1109 1982 1274 2024 saeculo
1304 1988 1347 2024 et
1371 1996 1512 2035 usque
1538 1983 1583 2023 in
1612 1982 1837 2024 saeculum:
1863 1982 1888 2008 *

1054 2038 1142 2089 fiat,
1169 2039 1258 2080 fiat.

1107 2098 1206 2137 Ant.
1234 2095 1404 2138 Inimici
1431 2096 1518 2137 mei
1547 2095 1749 2137 dixerunt
1772 2094 1887 2136 mala

1053 2150 1172 2190 mihi:
1201 2151 1388 2201 Quando
1411 2153 1634 2202 morietur,
1659 2155 1703 2193 et
1725 2149 1887 2204 peribit

1053 2218 1214 2248 nomen
1235 2206 1349 2259 ejus?

1105 2265 1205 2305 Ant.
1234 2263 1377 2305 Alieni
1395 2263 1734 2306 insurrexerunt.

1326 2324 1525 2364 Psalmus
1545 2324 1610 2363 53.

1144 2388 1221 2416 eus
1244 2376 1289 2416 in
1314 2376 1491 2417 namine
1516 2381 1593 2417 tuo
1622 2375 1791 2417 salvum
1814 2388 1886 2416 me

1155 2431 1241 2473 fac:
1260 2434 1284 2459 *
1303 2437 1347 2473 et
1374 2432 1419 2472 in
1447 2432 1608 2473 virtute
1636 2437 1713 2473 tua
1741 2431 1885 2484 indica

1052 2501 1133 2530 me.

1102 2545 1224 2586 Deus
1244 2543 1405 2585 exandi
1424 2544 1669 2585 orationem
1687 2557 1844 2585 meam:
1859 2543 1883 2570 *

1052 2600 1230 2654 auribus
1249 2601 1429 2652 percipe
1448 2600 1583 2641 verba
1603 2601 1691 2641 oris
1711 2600 1816 2641 mei:

1104 2656 1322 2705 Quoniam
1372 2656 1502 2696 alieni
1552 2657 1884 2697 insurrexerunt

1051 2712 1286 2753 adversum
1299 2724 1380 2761 me,
1401 2716 1444 2753 et
1459 2712 1598 2753 fortes
1616 2711 1882 2764 quaesierunt
