2040 2976
634 210 912 245 pretiosissimi
937 210 1145 253 Sanguinis
1170 210 1214 244 D.
1240 211 1284 245 N.
1309 212 1341 245 J.
1368 212 1407 246 C.

187 309 354 351 .Triste
373 309 575 362 pretinus
594 310 812 350 venenum

259 365 394 406 Dirus
415 365 568 416 anguis
586 365 747 418 posuit,

257 422 315 464 Et
334 423 514 464 eruenta
532 421 780 464 belluarum

258 478 400 520 Desiit
419 478 597 520 ferecia:

259 535 378 577 Mitis
398 535 514 586 Agni
533 534 747 576 vulnerati

259 593 371 634 Haec
389 592 470 634 fuit
489 591 686 633 victeria.

209 656 245 696 O
269 658 463 699 scientiae
484 659 686 710 supernae

260 713 463 756 Altitudo
482 713 712 767 impervia!

260 771 298 812 O
319 770 513 812 suavitas
531 770 710 821 benigni

258 826 548 869 Praedicanda
566 827 776 880 pectoris!

258 884 419 925 Servus
439 889 532 925 erat
550 888 694 925 morte
714 883 882 935 dignus,

258 941 356 982 Rex
374 940 454 982 luit
473 953 652 994 poenam
672 940 874 993 optimus.

207 1005 394 1055 Quando
417 1005 558 1059 culpis
577 1008 874 1059 provocamus

257 1061 479 1104 Ultienem
498 1062 665 1114 judicis,

257 1118 382 1160 Tunc
401 1118 622 1172 loquentis
641 1122 927 1172 protegamur

257 1175 487 1227 sanguinis
506 1177 759 1229 praesentia:

255 1231 558 1283 Ingruentium
576 1233 793 1275 maletum

257 1288 382 1331 Tunc
401 1289 610 1332 recedant
628 1290 811 1341 agmina.

212 1351 276 1394 Te
295 1354 552 1408 redemptus
571 1355 723 1397 laudet
743 1354 863 1397 orbis

259 1410 396 1452 Grata
416 1424 597 1453 servans
616 1415 808 1462 munera,

258 1467 296 1508 O
319 1467 474 1510 sallitis
493 1469 775 1521 sempiternae

256 1523 358 1565 Dux
378 1529 421 1566 et
440 1529 595 1567 auctor
612 1525 786 1578 inclyte,

257 1580 341 1630 Qui
360 1586 484 1622 tenes
503 1581 635 1624 beata
654 1595 790 1634 regna

257 1636 368 1678 Cum
387 1638 574 1680 Parente
595 1643 639 1680 et
657 1638 832 1691 Spiritu.

460 1695 613 1737 Amen.

388 1769 438 1808 In
464 1769 495 1808 Ι.
523 1769 746 1809 Nocturno.

204 1828 305 1870 Ant.
323 1829 563 1882 Postquam
579 1832 870 1873 consummati
881 1837 982 1874 sunt

153 1885 246 1927 dies
262 1892 376 1936 octo,
391 1891 440 1928 ut
457 1886 844 1929 circumcideretur
858 1901 981 1941 puer,

151 1944 358 1984 vocatum
377 1947 445 1984 est
463 1955 624 1985 nomen
644 1945 735 1996 ejus
755 1945 780 1985 J
783 1957 894 1986 esus.

439 1999 640 2039 Psalmus
659 2000 697 2039 2.

157 2064 174 2086 *¹
283 2074 387 2103 uare
406 2061 677 2103 fremuerunt
696 2062 874 2112 Gentes,
894 2065 918 2090 *
938 2068 982 2104 et

163 2086 275 2180 i,
299 2118 455 2171 populi
473 2118 673 2160 meditati
693 2123 794 2160 sunt
811 2117 980 2159 inania?

163 2174 211 2191 Ν
263 2172 275 2195 ‘³
353 2174 600 2217 Astiterunt
618 2187 746 2226 reges
765 2179 913 2224 terrae,
938 2179 982 2216 et

151 2230 372 2284 principes
401 2233 699 2273 convenerunt
726 2231 771 2272 in
799 2245 933 2272 unum
957 2231 981 2256 *

153 2284 364 2328 adversus
397 2287 651 2337 Deminum‚
693 2292 737 2328 et
769 2286 980 2328 adversus

152 2342 370 2384 Christum
390 2344 492 2396 ejus.

202 2399 513 2452 Dirumpamus
546 2399 719 2440 vincula
751 2402 920 2441 earum:
957 2400 980 2426 *

152 2459 196 2496 et
222 2455 503 2508 projiciamus
531 2468 557 2496 a
583 2455 711 2496 nobis
743 2456 890 2507 jugum
917 2455 980 2507 ip-

152 2523 310 2552 sorum.
656 2547 658 2549 .

203 2567 288 2617 Qui
323 2566 493 2609 habitat
527 2566 571 2607 in
612 2566 737 2608 coelis
778 2566 979 2609 irridebit

153 2635 243 2664 eos:
257 2625 281 2650 *
297 2628 341 2665 et
356 2623 572 2664 Dominus
588 2622 875 2664 subsannabit
891 2635 978 2664 eos.

202 2679 328 2720 Tunc
346 2679 551 2731 loquetur
572 2678 630 2720 ad
650 2691 727 2720 eos
746 2678 791 2719 in
809 2678 875 2719 ira
889 2692 978 2729 sua,

150 2734 174 2760 *
195 2739 239 2776 et
257 2735 302 2775 in
320 2735 468 2777 furere
488 2747 568 2776 suo
589 2734 871 2776 conturbabit
890 2747 977 2777 eos.

1091 308 1187 360 Ego
1206 313 1353 350 autem
1370 309 1637 350 constitatus
1657 322 1754 350 sum
1773 310 1871 351 Rex

1039 364 1094 406 ab
1138 377 1190 406 eo
1231 378 1364 417 super
1397 365 1504 406 Sion
1539 370 1734 407 montem
1776 379 1870 407 san-

1040 426 1159 463 ctum
1175 422 1277 473 ejus,
1291 422 1315 447 *
1330 421 1578 474 praedicans
1597 424 1871 475 praeceptum

1040 479 1142 529 ejus.

1090 534 1307 576 Deminus
1341 535 1452 577 dixit
1481 534 1539 576 ad
1566 548 1654 576 me:
1682 536 1705 561 *
1733 535 1870 577 Filius

1038 603 1162 632 meus
1183 604 1229 633 es
1247 596 1310 642 tu,
1335 605 1417 644 ego
1435 591 1569 633 hodie
1588 592 1718 643 genui
1737 596 1792 634 te.

1089 648 1273 689 Postula
1293 662 1319 689 a
1337 661 1424 699 me,
1451 653 1495 690 et
1515 648 1631 690 dabo
1654 648 1735 690 tibi
1756 649 1869 691 Gen-

1039 709 1107 745 tes
1139 704 1447 747 haereditatem
1482 709 1620 755 tuam,
1647 706 1671 731 *
1699 710 1742 747 et
1770 719 1868 758 pos-

1040 761 1283 803 sessienem
1302 766 1424 803 tuam
1443 762 1655 802 terminos
1674 766 1817 804 terrae.

1092 818 1239 870 Reges
1268 831 1345 860 eos
1373 818 1418 859 in
1445 818 1570 870 virga
1595 818 1751 869 ferrea,
1775 820 1799 845 *
1826 824 1869 861 et

1039 879 1265 927 tamquam
1279 888 1358 916 vas
1374 874 1496 926 figuli
1513 875 1762 927 confringes
1781 888 1869 917 eos.

1089 931 1147 972 Et
1170 944 1285 973 nunc
1310 944 1438 984 reges
1465 931 1712 983 intelligite:
1732 932 1755 957 *
1776 945 1868 974 eru-

1039 986 1191 1028 dimini
1212 988 1286 1040 qui
1305 988 1508 1040 judicatis
1528 992 1700 1029 terram.

1089 1044 1261 1086 Servite
1285 1045 1478 1086 Demino
1505 1044 1550 1085 in
1576 1045 1750 1087 timere:
1777 1047 1800 1072 *
1826 1051 1869 1087 et

1039 1101 1258 1143 exsultate
1279 1102 1319 1143 ei
1336 1115 1436 1143 cum
1453 1103 1656 1143 tremere.

1090 1158 1426 1211 Apprehendite
1463 1158 1755 1211 disciplinam,
1798 1171 1868 1200 ne-

1039 1214 1215 1266 quando
1253 1215 1468 1256 irascatur
1503 1215 1738 1266 Deminus,
1768 1216 1791 1241 *
1826 1220 1869 1257 et

1037 1271 1230 1323 pereatis
1250 1271 1305 1313 de
1324 1272 1395 1313 via
1414 1273 1537 1323 justa.

1089 1327 1199 1368 Cum
1214 1328 1428 1369 exarserit
1447 1329 1492 1368 in
1507 1328 1631 1371 brevi
1649 1329 1713 1369 ira
1730 1329 1832 1380 ejus,
1844 1329 1867 1354 *

1037 1383 1157 1435 beati
1177 1397 1341 1435 omnes,
1362 1385 1437 1436 qui
1456 1385 1685 1426 confidunt
1702 1385 1746 1425 in
1768 1397 1832 1426 eo.

1092 1453 1192 1492 Ant.
1212 1452 1454 1505 Postquam
1466 1455 1755 1496 consummati
1767 1459 1868 1496 sunt

1037 1508 1131 1551 dies
1149 1515 1262 1560 octo,
1283 1515 1332 1552 ut
1347 1510 1733 1553 circumcideretur
1747 1524 1867 1564 puer,

1036 1568 1243 1608 vocatum
1264 1572 1331 1608 est
1350 1580 1511 1608 nomen
1531 1568 1621 1619 ejus
1641 1568 1665 1608 J
1668 1581 1780 1610 esus.

1091 1636 1191 1676 Ant.
1215 1635 1376 1678 Faetus
1394 1636 1439 1677 in
1459 1639 1632 1687 agonia,
1651 1637 1867 1690 prolixius

1036 1691 1209 1742 orabat,
1249 1698 1292 1734 et
1324 1693 1466 1735 factus
1505 1699 1573 1735 est
1606 1693 1743 1736 sudor
1776 1695 1866 1746 ejus

1035 1748 1148 1790 sicut
1176 1753 1314 1800 guttae
1344 1750 1565 1801 sanguinis
1593 1750 1866 1792 decurrentis

1034 1805 1077 1845 in
1096 1810 1270 1847 terram.

1323 1876 1522 1917 Psalmus
1546 1877 1582 1916 3.

1036 1939 1272 2046 Domine
1309 1949 1415 2001 quid
1450 1949 1728 2002 multiplicati
1764 1957 1865 1994 sunt

1139 2006 1214 2057 qui
1237 2005 1449 2047 tribulant
1477 2005 1570 2047 me?
1598 2007 1622 2032 *
1649 2008 1776 2049 multi
1803 2009 1862 2049 in-

1034 2064 1218 2113 sargunt
1237 2061 1471 2103 adversum
1491 2075 1573 2103 me.

1085 2117 1213 2159 Multi
1233 2117 1384 2159 dicunt
1403 2118 1560 2160 animae
1574 2132 1702 2161 meae:
1721 2122 1745 2148 *
1761 2121 1863 2163 Non

1034 2179 1102 2215 est
1121 2173 1238 2215 salus
1256 2174 1343 2226 ipsi
1360 2174 1405 2214 in
1423 2175 1520 2216 Deo
1541 2176 1643 2228 ejus.

1084 2230 1154 2271 Tu
1202 2234 1350 2271 autem
1394 2231 1584 2274 Demine
1630 2235 1862 2286 susceptor

1032 2299 1157 2327 meus
1178 2299 1240 2336 es,
1259 2287 1283 2312 *
1302 2286 1442 2337 gleria
1460 2300 1575 2339 mea,
1599 2293 1643 2330 et
1662 2290 1861 2331 exaltans

1033 2347 1167 2395 caput
1185 2355 1342 2387 meum.
1618 2347 1627 2355 '

1083 2399 1209 2441 Voce
1234 2411 1332 2440 mea
1357 2399 1414 2441 ad
1438 2401 1676 2442 Dominum
1705 2401 1860 2443 clama-

1032 2455 1095 2495 vi:
1125 2455 1149 2481 *
1183 2460 1226 2497 et
1258 2455 1482 2498 exaudivit
1517 2470 1587 2499 me
1618 2457 1674 2500 de
1710 2462 1860 2499 monte

1031 2516 1183 2554 sancto
1212 2525 1303 2554 suo.

1082 2568 1177 2620 Ego
1203 2568 1401 2619 dormivi,
1426 2574 1470 2611 et
1493 2572 1728 2622 soporatus
1750 2583 1859 2610 sum:

1030 2625 1054 2651 *
1075 2629 1119 2666 et
1142 2625 1383 2676 exsurrexi,
1410 2626 1512 2677 quia
1531 2626 1744 2667 Dominus
1768 2638 1858 2666 sus-

1031 2680 1148 2733 cepit
1168 2693 1248 2722 me.

1080 2736 1183 2778 Non
1220 2737 1386 2779 timebo
1419 2737 1556 2778 millia
1590 2737 1745 2790 pepuli
1779 2737 1857 2778 cir-

1584 2865 1650 2898 25*
