2040 2976
603 209 673 242 Die
702 209 758 242 10.
784 208 960 251 Augusti
1008 206 1043 241 S.
1070 207 1267 240 Laurentii
1291 207 1398 240 Mart.

198 310 298 351 Ant.
323 306 596 350 Strinxerunt
620 303 818 361 corporis
840 316 973 344 mem-

143 364 222 406 bra
241 363 387 416 posita
407 375 539 415 super
559 355 825 403 craticulam:
844 359 971 411 subji-

144 419 356 462 cientibus
401 431 566 472 prunas
602 417 782 459 1118111131
818 416 973 458 Levita

146 476 316 518 Christi.

198 537 299 577 Ant
334 536 439 584 Igne
471 520 541 574 me
569 530 843 579 examinasti,
875 530 899 556 *
930 534 974 571 et

144 602 233 631 non
260 594 328 631 est
350 590 530 632 inventa
556 589 600 630 in
627 600 697 629 me
724 587 942 639 iniquitas.

421 652 620 693 Psalmus
640 654 698 693 16.

147 701 363 810 Exaudi
370 702 557 744 Domine
565 701 773 754 justitiam
782 712 940 742 meam:
950 700 974 726 *

248 758 426 801 intende
446 758 804 812 deprecationem
821 769 974 798 meam.

197 816 393 859 Auribus
415 816 596 869 percipe
621 814 866 857 orationem
887 826 973 855 me-

146 888 227 923 am,
247 876 270 902 *
289 886 378 915 non
394 873 439 914 in
457 872 585 914 labiis
605 871 785 914 dolosis.

197 931 266 973 De
301 930 426 972 vultu
451 934 549 971 'tuo
586 928 794 980 judicium
828 941 975 969 meum

145 986 349 1041 prodeat:
374 988 398 1014 *
423 985 538 1028 oculi
561 985 625 1027 tui
643 984 821 1026 videant
841 985 974 1036 aequi-

145 1046 272 1086 tates.

197 1100 402 1143 Probasti
428 1113 505 1142 cor
530 1112 691 1149 meum,
718 1104 762 1141 et
787 1098 976 1140 visitasti

144 1163 290 1200 nocte:
303 1159 327 1185 *
342 1158 441 1209 igne
455 1169 525 1198 me
541 1156 810 1206 examinasti,
831 1160 874 1201 et
888 1167 977 1197 non

147 1220 214 1257 est
230 1215 406 1256 inventa
425 1214 469 1255 in
489 1226 560 1255 me
579 1213 798 1266 iniquitas.

198 1271 257 1314 Ut
274 1283 363 1313 non
375 1271 583 1323 loquatur
604 1283 655 1312 os
674 1283 820 1311 meum
841 1271 978 1322 opera

146 1328 385 1370 hominum:
413 1328 437 1355 *
464 1332 650 1380 propter
678 1326 814 1369 verba
841 1326 975 1368 labio-

147 1398 244 1426 rum
286 1386 463 1426 tuorum
509 1397 594 1436 ego
629 1382 848 1425 custodivi
883 1383 977 1424 vias

148 1441 291 1484 duras.

198 1498 368 1540 Perfice
393 1511 570 1550 gressus
594 1510 718 1539 meos
742 1497 786 1538 in
811 1497 978 1538 semitis

147 1555 248 1597 tuis:
273 1555 296 1581 *
320 1560 369 1597 ut
392 1568 480 1597 non
506 1557 767 1596 moveantur
794 1553 979 1605 vestigia

146 1624 255 1653 mea.

198 1668 294 1721 Ego
315 1668 512 1718 clamavi,
534 1668 742 1720 quoniam
761 1666 979 1709 exaudisti

146 1738 217 1767 me
247 1725 385 1767 Deus:
417 1726 441 1751 *
475 1725 635 1767 inclina
672 1737 822 1766 aurem
857 1729 979 1793 tuam

146 1781 263 1832 mihi,
291 1786 335 1824 et
362 1781 523 1824 exandi
550 1781 687 1824 verba
713 1794 823 1823 mea.

198 1838 384 1880 Mirifica
396 1838 722 1881 misericordias
735 1838 888 1888 tuas,*

147 1894 296 1937 salvos
315 1895 422 1938 facis
442 1898 673 1949 sperantes
690 1896 735 1936 in
753 1901 809 1938 te.

199 1952 240 1993 A
257 1953 561 1995 resistentibus
584 1952 780 1995 dexterae
799 1958 888 1995 tuae
909 1966 978 1995 cu-

149 2008 267 2051 stodi
285 2022 366 2060 me,
385 2011 409 2037 *
426 2014 475 2052 ut
493 2009 707 2063 pupillam
727 2010 853 2051 oculi.

201 2064 290 2107 Sub
314 2065 469 2108 umbra
493 2066 661 2107 alarum
682 2068 856 2108 tuarum
877 2069 978 2120 pro-

149 2125 250 2172 tege
277 2134 362 2164 me:
388 2122 412 2148 *
445 2135 470 2164 a
502 2123 612 2164 facie
640 2123 875 2176 impiorum
906 2124 980 2176 qui

149 2190 219 2219 me
247 2178 504 2222 afflixerunt.

201 2234 371 2277 Inimici
398 2237 484 2278 mei
511 2237 699 2278 animam
725 2249 869 2278 meam
901 2236 979 2277 eir-

150 2287 486 2344 cumdederunt,
519 2293 696 2347 adipem
724 2307 851 2335 suum
879 2306 978 2335 6011-

150 2349 390 2391 611186111111;
412 2350 436 2376 *
456 2363 507 2392 os
527 2353 680 2393 eorum
698 2350 894 2392 locutum
913 2355 980 2392 est

150 2406 413 2459 superbiam.

202 2463 487 2514 Projicientes
509 2476 580 2505 me
603 2477 718 2506 1111116
742 2435 980 2506 circumde-

153 2519 310 2561 derunt
323 2533 410 2561 me:
425 2521 448 2546 *
459 2520 612 2562 oculos
623 2534 726 2563 suos
735 2524 981 2564 statuerunt

153 2576 402 2618 declinare
391 2590 433 2617 111
452 2581 625 2618 terram.

202 2634 592 2686 Susceperuntme
618 2634 730 2676 sicut
756 2635 827 2676 leo
855 2638 979 2687 para-

152 2695 222 2732 tus
241 2690 298 2732 ad
321 2690 534 2744 praedam:
558 2692 581 2717 *
607 2696 650 2733 61
674 2692 787 2734 816111
810 2693 979 2735 catulus

149 2746 289 2788 leonis
308 2747 511 2789 habitans
531 2748 575 2788 in
596 2747 767 2790 abditis.

905 1851 980 1890 qul

1076 302 1278 352 Exsurge
1302 301 1501 351 Domine,
1525 301 1723 354 praeveni
1749 313 1860 350 eum,

1027 364 1070 401 et
1090 358 1326 411 supplanta
1346 370 1462 399 eum:
1486 359 1510 385 *
1530 358 1650 410 eripe
1671 358 1860 398 animam

1026 429 1170 457 meam
1189 414 1245 457 ab
1263 415 1412 467 impio,
1434 415 1646 456 frameam
1663 420 1785 456 tuam
1804 413 1859 456 ab

1025 472 1212 514 inimicis
1231 484 1386 512 manus
1404 476 1505 513 tuae.

1043 571 1046 576 .
1078 533 1268 574 Domine
1289 545 1314 573 a
1332 532 1485 585 paucis
1502 531 1556 573 de
1576 537 1696 573 terra
1713 531 1861 574 divide

1028 603 1106 632 eos
1125 590 1169 630 in
1184 590 1274 631 vita
1294 591 1462 631 eorum:
1476 590 1500 616 *
1516 588 1572 630 (16
1588 588 1860 630 absconditis

1027 648 1114 689 tuis
1140 646 1407 700 adimpletus
1434 651 1502 688 est
1520 651 1674 687 venter
1697 648 1861 687 eorum.

1080 708 1271 750 Saturati
1296 712 1397 749 sunt
1421 707 1538 748 filiis:
1566 707 1589 732 *
1617 712 1661 748 et
1690 706 1860 748 dimise-

1029 770 1129 808 runt
1146 765 1354 817 reliquias
1375 777 1477 805 suas
1496 763 1693 816 parvulis
1712 764 1814 805 suis.

1080 828 1175 879 Ego
1205 831 1351 868 autem
1378 826 1422 866 in
1447 825 1610 876 justitia
1636 825 1861 877 apparebo

1029 883 1287 937 conspectui
1306 888 1401 924 tuo:
1420 883 1443 908 *
1464 881 1659 923 satiabor
1674 895 1774 923 cum
1789 895 1861 934 ap-

1028 941 1226 994 paruerit
1244 940 1384 992 gloria
1402 944 1489 981 tua.

1080 1009 1179 1048 Ant.
1203 1008 1309 1057 Igne
1328 1018 1399 1046 me
1419 1004 1689 1054 examinasti,
1712 1009 1756 1046 et
1774 1017 1863 1045 non

1030 1068 1098 1106 est
1116 1063 1296 1105 inventa
1314 1063 1357 1103 in
1378 1075 1448 1103 me
1468 1062 1690 1114 iniquitas.

1081 1126 1180 1167 Ant.
1201 1126 1505 1175 Interrogatus
1524 1123 1548 1149 *
1564 1127 1608 1165 16
1624 1123 1863 1164 Dominum

1030 1182 1258 1223 confessus
1273 1195 1380 1231 sum,
1400 1182 1572 1222 assatus
1587 1180 1752 1231 gratias
1767 1192 1863 1231 ago.

1300 1257 1501 1297 Psalmus
1521 1258 1591 1296 20.

1029 1318 1299 1423 Domine
1288 1335 1331 1363 111
1355 1321 1516 1363 ν1111116
1541 1326 1617 1363 1113
1641 1319 1864 1373 laetabitur

1151 1392 1243 1421 rex·
1267 1379 1291 1405 *
1316 1382 1359 1421 61
1378 1391 1510 1431 super
1530 1378 1720 1419 salutare
1740 1370 1864 1419 tuum

1032 1435 1268 1478 exsultabit
1287 1435 1579 1477 vehementer.

1082 1497 1361 1539 Desiderium
1387 1496 1533 1539 cordis
1559 1497 1650 1548 ejus
1673 1495 1865 1537 tribuisti

1032 1555 1085 1596 ei:
1100 1555 1123 1580 *
1139 1559 1183 1596 et
1197 1554 1422 1596 voluntate
1437 1553 1654 1595 labiorum
1670 1553 1760 1605 ejus
1776 1565 1864 1594 non

1032 1611 1245 1653 fraudasti
1264 1624 1373 1653 eum.

1084 1668 1300 1719 Quoniam
1323 1667 1577 1721 praevenisti
1602 1680 1702 1708 eum
1725 1666 1768 1706 in
1791 1665 1864 1707 be-

1031 1724 1353 1767 nedictiom'bus
1367 1723 1624 1766 dulcedinis:
1639 1724 1662 1749 *
1677 1722 1865 1776 posuisti

1031 1782 1075 1823 in
1103 1782 1247 1834 capite
1276 1782 1367 1834 ejus
1396 1782 1606 1822 coronam
1635 1779 1689 1822 de
1717 1778 1864 1832 lapide
1918 1781 1920 1784 ’

1031 1839 1240 1892 pretioso.

1082 1895 1233 1938 Vitam
1251 1894 1378 1948 petiit
1397 1907 1422 1935 a
1441 1899 1499 1935 te:
1518 1894 1541 1919 *
1562 1898 1606 1935 et
1620 1892 1811 1934 tribuisti
1826 1892 1866 1933 ei

1031 1952 1349 2004 longitudinem
1374 1951 1543 1993 dierum
1570 1950 1614 1991 in
1642 1949 1864 1999 saeculum,

1034 2014 1077 2051 et
1094 2009 1138 2050 in
1157 2009 1368 2050 saeculum
1392 2007 1553 2049 saeculi.

1084 2066 1245 2117 Magna
1268 2070 1335 2107 est
1353 2065 1493 2116 gloria
1512 2065 1602 2116 eius
1621 2064 1666 2104 in
1685 2062 1865 2104 salutari

1032 2127 1124 2164 tuo:
1138 2123 1162 2148 *
1177 2122 1362 2174 gloriam
1377 2127 1420 2164 et
1434 2134 1642 2172 magnum
1657 2119 1865 2162 decerem

1032 2179 1234 2232 impones
1254 2191 1385 2232 super
1405 2191 1516 2220 eum.

1085 2240 1302 2290 Quoniam
1335 2239 1460 2281 dabis
1491 2252 1590 2281 eum
1617 2238 1662 2280 in
1687 2236 1864 2280 benedi—

1033 2297 1224 2338 ctionem
1243 2297 1288 2338 in
1308 2296 1519 2338 saeculum
1541 2295 1706 2337 saeculi:
1719 2295 1743 2320 *
1757 2294 1863 2336 laeti-

1032 2353 1186 2395 ficabis
1201 2366 1314 2399 ,eum
1345 2353 1389 2394 in
1420 2352 1582 2405 gaudio
1612 2350 1713 2394 cum
1739 2351 1863 2392 vultu

1032 2414 1121 2451 tuo.
1917 2414 1919 2417 ·

1085 2467 1301 2517 Quoniam
1325 2479 1403 2508 rex
1427 2471 1576 2519 sperat
1593 2466 1638 2506 in
1656 2465 1864 2506 Domino:

1031 2523 1124 2565 *et
1146 2523 1191 2564 in
1212 2522 1513 2565 misericordia
1536 2522 1751 2564 Altissimi
1774 2533 1859 2562 non

1033 2580 1391 2622 commovebitur.

1083 2637 1335 2678 Inveniatur
1366 2649 1521 2678 manus
1553 2641 1629 2678 tua
1661 2633 1862 2676 omnibus

1031 2694 1215 2735 inimicis
1230 2694 1330 2735 tuis:
1345 2694 1369 2720 *
1385 2693 1566 2735 dextera
1581 2697 1657 2734 tua
1669 2691 1862 2732 inveniat

1032 2763 1195 2801 omnes,
1216 2750 1291 2803 qui
1308 2755 1353 2792 te
1372 2750 1570 2792 oderunt.

1792 202 1861 238 495
1908 220 1911 223 -
