2040 2976
483 228 651 263 ‘Domin.
676 228 774 262 infra
800 228 879 263 Oct.
903 228 1102 271 Assumpt.
1127 227 1162 262 S.
1188 227 1367 262 ι1030111111
1392 228 1500 262 Conf.

199 327 251 378 Βι.
285 326 378 367 18ῒο
402 330 470 367 est
497 325 572 377 qui
597 330 699 367 ante
722 325 867 367 Deum
893 337 980 366 ma-

150 394 258 433 gnas
285 382 471 424 virtutes
500 383 710 435 operatus
731 386 815 432 est,
852 386 897 423 et
926 380 981 423 de

151 439 270 480 omni
284 437 419 480 corde
432 451 513 480 suo
523 436 720 480 laudavit
729 438 982 479 Dominum:

148 496 171 521 *
198 496 301 548 Ipse
328 494 574 537 intercedat
600 507 683 548 pro
712 494 909 547 peccatis
938 496 981 535 o-

149 552 315 593 mnium
332 551 611 605 populorum.
635 546 686 599 V.
711 551 828 593 Ecce
846 550 980 592 homo

150 608 243 650 sine
286 608 482 660 querela,
526 620 659 650 verus
694 607 779 649 Dei
821 606 978 657 cultor,

149 664 375 706 abstinens
402 677 450 706 se
475 663 529 706 ab
555 663 674 706 omni
698 665 834 717 opere
851 663 981 714 malo,

150 725 194 762 et
231 723 495 774 permanens
531 721 575 762 in
610 720 859 762 innocentia
891 733 981 762 sua.

150 778 253 830 Ipse
271 777 525 820 intercedat.

435 844 588 886 Lectio
608 845 693 886 viii.

196 902 313 954 gitur
337 915 393 945 ex
417 903 556 956 stirpe
575 902 771 952 Nathan,
796 901 875 943 fssii
894 902 979 943 Da-

215 958 303 1011 vid,
326 960 436 1002 Levi
459 960 609 1011 genuit
627 958 790 1001 Melchi
809 963 854 1000 et
872 959 980 1000 Pan-

149 1014 330 1057 therem.
350 1015 543 1058 Panther
557 1021 705 1058 autem
719 1015 869 1067 genuit
883 1015 982 1056 Bar-

149 1072 409 1124 pantherem
423 1073 627 1125 (namque
640 1073 701 1114 ita
711 1071 980 1123 vocabatur).

148 1128 426 1182 Barpanther
440 1143 591 1171 rursus
604 1130 755 1182 genuit
768 1129 793 1170 J
795 1128 980 1171 oachim.

112 1203 116 1208 ·
148 1185 173 1226 J
175 1185 348 1227 oachim
380 1185 569 1239 denique
600 1186 750 1238 genuit
784 1190 980 1228 sanctam

147 1241 232 1284 Dei
255 1242 536 1285 Genitricem.
568 1243 740 1284 Rursus
765 1255 820 1284 ex
843 1242 979 1295 stirpe

147 1298 395 1340 Salomonis
424 1299 504 1341 filii
527 1298 692 1350 David,
719 1299 900 1341 Mathan
926 1312 980 1341 ex

147 1357 286 1397 uxore
315 1369 393 1397 sua
419 1357 570 1408 genuit
595 1355 746 1398 Jacob.
801 1356 979 1399 Mortuo

148 1416 295 1454 autem
330 1412 527 1463 Mathan,
568 1412 731 1455 Melehi
771 1426 826 1455 ex
862 1412 980 1455 tribu

147 1468 335 1520 Nathan,
360 1469 477 1511 filius
495 1470 614 1521 Levi,
641 1483 693 1512 ac
717 1470 852 1512 frater
870 1470 979 1511 Pan-

146 1524 293 1576 theris,
313 1528 498 1568 uxorem
512 1527 651 1580 ipsius
666 1526 858 1577 Mathan,
879 1539 979 1579 quae

147 1581 279 1623 etiam
297 1582 323 1623 J
325 1583 453 1625 acobi
471 1589 612 1626 mater
632 1588 736 1634 erat,
755 1584 978 1625 matrimo-

145 1637 219 1679 nio
239 1638 322 1680 sibi
342 1639 583 1693 copulavit,
608 1645 742 1693 atque
763 1653 817 1683 ex
837 1653 889 1682 ea
907 1642 977 1693 ge-

144 1695 239 1736 nuit
257 1695 371 1737 Heli.
404 1697 473 1738 Ita
495 1697 656 1739 uterini
674 1697 833 1739 fratres
853 1703 978 1739 erant

144 1751 284 1793 Jacob
305 1757 350 1794 et
367 1752 487 1795 Heli:
511 1753 585 1796 ille
608 1754 812 1796 nimirum
831 1767 886 1796 ex
904 1754 976 1796 tri-

143 1807 205 1849 bu
223 1808 483 1861 Salomonis,
502 1810 575 1853 hic
594 1823 650 1853 ex
667 1811 786 1854 tribu
799 1811 977 1853 Nathan

146 1864 371 1907 oriundus.

178 1962 182 1965 r
196 1922 248 1973 R1.
256 1921 350 1964 Sint
367 1922 506 1966 lumbi
519 1923 656 1966 vestri
673 1924 913 1977 praecincti,
933 1930 977 1967 et

143 1975 335 2020 lucernae
364 1978 570 2022 ardentes
602 1980 647 2021 in
674 1980 878 2022 manibus
905 1994 976 2023 ve-

145 2033 264 2075 stris:
292 2035 315 2059 *
337 2034 394 2077 Et
421 2047 502 2077 vos
532 2036 696 2078 similes
724 2036 976 2079 hominibus

145 2090 507 2142 exspectantibus
557 2092 783 2135 dominum
833 2106 976 2144 suum,

146 2145 323 2198 quando
342 2149 587 2190 revertatur
603 2162 628 2190 a
643 2150 818 2202 nuptiis.
834 2145 884 2197 V.
901 2150 975 2191 Vi-

143 2202 276 2253 gilate
298 2215 421 2255 ergo,
442 2204 544 2256 quia
562 2207 741 2249 nescitis
763 2219 850 2259 qua
867 2205 977 2248 hora

144 2258 361 2301 Dominus
383 2265 530 2303 vester
554 2265 766 2305 venturus
795 2263 863 2304 sit.
908 2263 975 2304 Et.

146 2314 298 2357 Gloria
314 2316 446 2358 Patri.
473 2317 542 2359 Et.
627 2317 629 2319 ’
753 2338 757 2342 ·

182 2376 331 2418 ‚Lectio
366 2377 417 2412 ix.
459 2378 506 2413 de
544 2379 716 2414 Homilia
755 2379 972 2414 Dominicae

145 2424 392 2459 occurrentis.
810 2439 814 2443 >

199 2477 240 2511 Si
263 2487 356 2512 vero
380 2478 456 2512 hoc
479 2478 636 2514 Festum
659 2480 860 2515 transferri
884 2490 971 2514 con-

143 2524 284 2568 tigerit,
308 2526 449 2569 legitur
473 2536 639 2570 sequens

443 2582 594 2624 Lectio
615 2584 668 2624 ix.

146 2630 334 2738 Porro
353 2639 470 2688 Heli,
496 2640 571 2691 qui
589 2652 644 2681 ex
661 2639 780 2682 tribu
797 2641 973 2683 Nathan

240 2700 349 2744 erat,
372 2695 503 2737 nullis
522 2695 672 2738 liberis
691 2698 924 2750 susceptis,
949 2711 973 2740 e

145 2750 235 2793 vita
257 2752 476 2803 migravit:
502 2754 643 2805 eaque
669 2752 725 2795 de
748 2766 882 2796 causa
903 2755 930 2796 J
931 2767 972 2796 3-

1801 229 1869 265 519

1034 324 1119 366 cob
1142 325 1280 378 ipsius
1300 325 1449 373 frater,
1479 326 1554 378 qui
1579 338 1634 367 ex
1657 325 1776 368 tribu
1793 327 1866 367 Sa-

1034 381 1225 423 lomonis
1263 381 1468 434 fluxerat,
1505 382 1645 435 ipsius
1682 384 1867 424 uxorem

1035 439 1222 491 accepit,
1247 438 1461 492 fratrique
1481 452 1562 481 suo
1583 452 1733 481 semen
1753 439 1866 482 exci-

1034 495 1160 545 tavit,
1185 508 1237 537 ac
1254 495 1498 548 Josephum
1524 497 1770 549 progenuit.
1797 496 1866 538 Jo-

1035 551 1146 604 seph
1176 554 1326 604 itaque
1359 555 1516 595 natura
1545 552 1724 605 quidem
1751 553 1867 595 filius

1033 608 1173 650 Jacob
1203 613 1297 651 erat
1325 621 1350 650 a
1373 609 1610 652 Salomone
1639 609 1867 661 oriundus;

1034 665 1144 717 legis
1170 671 1318 708 autem
1344 667 1515 709 ratione
1540 671 1713 720 patrem
1735 666 1866 710 habe-

1033 722 1111 765 bat
1154 723 1258 765 Heli
1303 736 1357 765 ex
1398 723 1576 766 Nathan
1621 725 1866 767 oriundum.

1035 780 1144 830 Quae
1171 793 1271 822 cum
1292 781 1354 823 ita
1377 781 1480 832 sint,
1505 782 1531 822 J
1534 781 1706 823 oachim
1723 782 1865 824 lectis-

1034 837 1191 879 simam
1214 837 1351 888 illam,
1379 851 1431 880 30
1455 840 1636 880 81111111118
1660 839 1865 882 laudibus

1035 894 1211 945 dignam
1246 895 1475 937 mulierem
1510 897 1684 938 Annam
1719 898 1865 939 matri-

1032 952 1181 994 monio
1197 951 1280 994 sibi
1291 952 1529 1006 copulavit.
1544 954 1712 995 Verum
1727 966 1867 1006 quem-

1034 1007 1276 1050 admodum
1306 1009 1453 1062 prisca
1479 1009 1553 1051 illa
1581 1010 1727 1061 Anna,
1765 1024 1866 1052 cum

1034 1065 1276 1107 sterilitatis
1310 1067 1468 1109 morbo
1506 1067 1748 1119 laboraret,
1785 1081 1866 1121 per

1034 1122 1279 1164 orationem
1319 1136 1370 1165 ac
1410 1125 1752 1177 promissionem
1792 1125 1865 1167 Sa-

1032 1178 1222 1220 muelem
1246 1182 1513 1232 procreavit:
1542 1181 1701 1224 eodem
1729 1182 1865 1224 modo

1032 1235 1130 1277 haec
1163 1237 1295 1278 etiam
1327 1250 1407 1290 per
1437 1238 1793 1281 obsecrationem
1823 1244 1867 1281 et

1032 1293 1374 1345 promissionem
1409 1295 1495 1337 Dei
1532 1296 1803 1338 Ge’nitricem
1841 1309 1866 1337 a

1031 1349 1130 1391 Deo
1167 1351 1356 1403 accepit,
1401 1356 1450 1393 ut
1487 1365 1542 1394 ne
1578 1353 1650 1395 hic
1687 1366 1866 1406 quoque

1033 1409 1237 1459 cuiquam
1281 1420 1335 1449 ex
1372 1408 1616 1451 illastribus
1652 1410 1866 1451 matronis

1033 1462 1220 1505 cederet.
1273 1464 1430 1517 Itaque
1462 1466 1604 1517 gratia
1636 1467 1752 1517 (nam
1780 1466 1866 1508 hoc

1033 1525 1162 1562 sonat
1176 1521 1318 1562 Annae
1332 1522 1613 1575 vocabulum)
1628 1523 1866 1565 Dominam

1031 1577 1148 1629 parit
1166 1577 1225 1628 (id
1245 1578 1361 1619 enim
1376 1579 1528 1621 Mariae
1548 1580 1723 1622 nomine
1739 1580 1865 1632 signi-

1030 1633 1214 1685 ficatur).
1242 1634 1361 1676 Vere
1383 1637 1544 1678 etenim
1563 1650 1710 1679 rerum
1730 1638 1864 1678 omni-

1030 1703 1104 1731 um
1130 1691 1407 1733 conditarum
1426 1694 1619 1735 Domina
1644 1694 1761 1736 facta
1788 1699 1865 1744 est,

1031 1760 1130 1789 cum
1151 1748 1376 1790 Creatoris
1395 1750 1536 1792 Mater
1556 1751 1735 1793 exstitit.

1083 1810 1148 1850 Te
1166 1809 1311 1854 Deum
1331 1809 1574 1853 laudamus.
1595 1813 1655 1853 13.

1295 1897 1345 1937 In
1372 1898 1596 1939 Laudibus.

1082 1958 1132 2010 V.
1172 1961 1337 2002 Potens
1370 1962 1414 2003 in
1445 1968 1565 2005 terra
1597 1964 1679 2005 erit
1711 1976 1863 2005 semen

1030 2018 1133 2070 ejus.
1158 2021 1210 2073 R.
1230 2017 1471 2061 Generatio
1490 2022 1715 2062 rectorum
1731 2020 1862 2062 bene·

1029 2074 1209 2117 dicetur.

1082 2136 1154 2178 Ad
1182 2138 1346 2179 Bened.
1383 2141 1483 2182 Ant.
1519 2137 1775 2180 Laudemus
1803 2139 1862 2180 vi-

1027 2205 1125 2233 rum
1144 2192 1389 2243 gloriosum
1407 2194 1452 2235 in
1469 2195 1754 2246 generatione
1772 2208 1862 2245 sua,

1029 2249 1130 2300 quia
1158 2248 1514 2293 benedictionem
1541 2251 1735 2293 omnium
1761 2254 1861 2303 gen-

1026 2305 1136 2347 tium
1163 2304 1286 2348 dedit
1311 2306 1374 2347 illi
1398 2307 1642 2356 Dominusz,
1660 2313 1704 2350 et
1729 2314 1860 2350 testa-

1026 2364 1224 2404 mentum
1256 2376 1384 2404 suum
1415 2365 1693 2407 confirmavit
1727 2378 1861 2418 super

1027 2424 1161 2471 caput
1180 2420 1283 2472 ejus.

1079 2483 1128 2518 Et
1150 2484 1192 2518 fit
1216 2494 1413 2519 commem.
1437 2486 1548 2521 Dom.
1572 2490 1731 2520 tantum.

1078 2537 1123 2571 In
1150 2537 1197 2572 II.
1225 2537 1413 2581 Vesperis
1441 2539 1571 2574 omnia
1599 2538 1781 2573 dicuntur
1809 2538 1855 2572 de

1028 2583 1189 2628 Comm.,
1219 2590 1362 2629 praeter
1389 2586 1491 2622 Orat.
1519 2587 1643 2629 Deus,
1678 2586 1746 2630 qui
1774 2596 1856 2629 prae

1025 2630 1215 2666 omnibus.
1237 2638 1279 2669 ut
1303 2645 1431 2679 supra.
1455 2633 1531 2669 517.

1078 2685 1126 2720 Et
1148 2686 1190 2721 fit
1214 2697 1410 2723 commem.
1434 2686 1587 2722 Domln.
1613 2695 1756 2721 occurr.
