2040 2976
730 224 938 259 Commune
962 233 1038 257 non
1061 222 1272 265 Virginum.

375 325 423 363 In
444 325 514 363 III.
538 324 757 363 Nocturno.

209 386 307 425 Ant.
332 384 467 436 Nigra
491 397 602 433 sum,
620 384 644 411 *
669 382 747 424 sed
773 382 973 430 formosa,

155 442 257 483 fssiae
290 440 547 483 Jerusalem:
583 439 683 481 ideo
721 438 870 480 dilexit
904 449 974 478 me

154 499 266 548 Rex,
299 502 343 540 et
369 497 610 539 introduxit
635 508 705 537 me
731 495 776 536 in
803 493 973 536 cubicu-

154 555 243 596 lum
263 568 399 596 suum.

423 607 620 648 Psalmus
639 607 705 646 95.

158 666 416 722 ssantate
440 662 630 704 Domino
659 661 875 703 canticum
898 671 973 700 no-

166 771 170 775 ,
188 713 264 777 ΐζῇἶ
282 734 398 762 vum:
407 720 431 746 *
443 722 614 761 cantate
628 717 817 759 Domino
833 716 974 758 omnis

164 793 203 800 .-⁷
245 795 249 797 ·
281 782 408 819 terra.

205 834 388 876 Cantate
414 832 621 882 Domino,
655 836 698 873 et
730 830 974 874 benedicite

154 890 318 932 nomini
345 891 451 942 ejus:
478 890 502 916 *
529 888 779 930 annuntiate
812 887 867 930 de
903 886 972 929 die

153 948 198 988 in
217 947 331 989 diem
350 946 538 988 salutare
558 946 659 998 ejus.

204 1003 470 1045 Annuntiate
487 1002 599 1044 inter
614 1001 777 1043 Gentes
791 1000 974 1052 gloriam

155 1061 261 1113 ejus,
287 1061 312 1087 *
338 1060 382 1101 in
413 1058 614 1101 omnibus
645 1057 821 1111 populis
849 1057 973 1098 mira-

153 1117 257 1160 bilia
276 1118 377 1170 ejus.

208 1174 422 1225 Quoniam
451 1185 634 1225 magnus
665 1171 896 1220 Dominus,
932 1174 975 1211 et

153 1230 383 1273 laudabilis
419 1229 562 1270 nimis:
602 1230 626 1255 *
668 1227 871 1270 terribilis
908 1231 975 1268 est

153 1300 284 1340 super
303 1299 454 1328 omnes
474 1285 593 1328 deos.

205 1343 420 1394 Quoniam
437 1355 588 1384 omnes
603 1341 663 1383 dii
677 1340 882 1382 Gentium
897 1339 975 1381 dae-

152 1401 312 1442 monia:
331 1401 355 1428 *
373 1400 468 1441 Dfis
487 1404 633 1441 autem
652 1397 789 1439 eoelos
808 1396 919 1438 fecit.

206 1456 443 1506 Confessio,
463 1461 507 1498 et
520 1453 800 1509 pulchritudo
815 1453 859 1494 in
874 1465 973 1494 con-

153 1515 307 1566 spectu
336 1514 439 1565 ejus:
458 1513 482 1538 *
506 1510 791 1554 sanctimonia
818 1513 861 1551 et
886 1522 973 1550 ma-

151 1569 399 1621 gnificentia
427 1570 471 1610 in
504 1567 845 1610 sanctificatione
873 1567 974 1618 ejus.

203 1625 370 1668 Afferte
383 1625 573 1667 Domino
588 1623 744 1678 patriae
759 1622 974 1672 Gentium,

153 1683 305 1724 afforte
331 1682 521 1724 Domino
555 1681 738 1733 gloriam
769 1684 813 1721 et
838 1678 973 1720 hono-

151 1752 259 1781 rem:
277 1741 302 1767 *
320 1739 472 1781 afferte
489 1738 679 1779 Domino
698 1736 882 1788 gloriam
899 1737 973 1777 no-

151 1796 257 1837 mini
275 1797 377 1849 ejus.

203 1852 365 1894 Tollite
404 1851 588 1901 hostias,
630 1854 674 1892 et
713 1849 889 1890 introite
930 1848 972 1888 in

155 1909 264 1950 atria
291 1909 394 1961 ejus:
413 1909 437 1935 *
460 1907 643 1950 adorate
669 1906 906 1947 Dominum
931 1905 973 1945 in

155 1966 266 2008 atrio
286 1969 437 2007 sancto
457 1965 557 2017 ejus.

208 2022 543 2064 Commoveatur
575 2033 601 2061 a
630 2019 740 2061 facie
769 2019 858 2071 ejus
884 2017 973 2059 uni-

154 2081 282 2121 vorsa
312 2083 444 2121 terra:
470 2078 495 2104 *
521 2076 650 2119 dicite
682 2076 726 2117 in
760 2074 974 2117 Gentibus

156 2137 257 2189 quia
273 2135 487 2177 Dominus
506 2133 713 2186 regnavit.

204 2193 376 2235 Etenim
420 2191 609 2233 corroxit
653 2189 805 2231 orbem
844 2192 974 2230 terrae

155 2250 230 2302 qui
258 2262 347 2291 non
380 2246 740 2291 commovebitur:
766 2245 790 2271 *
818 2244 974 2297 judica-

152 2306 217 2349 bit
234 2305 426 2360 populos
443 2305 487 2346 in
506 2304 722 2357 aequitate.

204 2363 427 2404 Laetontur
446 2361 556 2412 coeli,
576 2365 619 2402 et
637 2358 826 2402 exsultet
843 2361 975 2399 terra:

155 2420 481 2462 commoveatur
507 2429 642 2467 mare,
679 2420 722 2457 et
747 2412 974 2468 plenitudo

156 2477 260 2529 ejus:
278 2476 302 2502 *
321 2474 572 2528 gaudebunt
591 2472 748 2525 campi,
768 2475 812 2513 et
831 2470 976 2512 omnia

156 2546 255 2586 quae
272 2533 316 2573 in
335 2532 396 2573 eis
416 2535 525 2572 sunt.

206 2590 331 2630 Tunc
366 2586 645 2629 exsultabunt
681 2584 825 2626 omnia
859 2583 976 2634 ligna

155 2647 361 2688 silvarum
385 2657 411 2685 a
436 2643 546 2685 facie
563 2642 754 2691 Domini,
783 2640 883 2693 quia
906 2652 975 2681 ve-

154 2704 233 2745 nit:
253 2703 277 2729 *
302 2700 507 2754 quoniam
530 2699 648 2741 venit
674 2697 865 2750 judicare
891 2700 974 2737 ter-

154 2772 258 2801 ram.

1075 316 1294 359 ,Iudicabit
1321 318 1473 360 orbem
1501 323 1630 360 terrae
1650 319 1693 359 in
1716 319 1846 371 aequi-

1024 377 1130 425 tate,
1152 374 1176 400 *
1199 379 1243 416 et
1267 375 1457 428 populos
1482 375 1526 416 in
1550 375 1733 417 veritate
1758 388 1847 417 sua.

1079 431 1179 471 Ant.
1220 431 1354 483 Nigra
1389 445 1499 482 sum,
1540 431 1619 473 sed
1645 431 1847 484 formosa,

1025 487 1126 529 ffliae
1161 488 1416 530 Jerusalem:
1455 488 1556 530 ideo
1593 488 1743 530 dilexit
1777 502 1848 530 me

1025 545 1138 595 Rex,
1171 549 1215 586 et
1241 544 1481 587 introduxit
1507 558 1577 587 me
1604 546 1648 586 in
1674 545 1847 587 cubicu-

1025 601 1114 642 lum
1133 615 1269 643 suum.

1080 660 1178 700 Ant.
1199 659 1340 701 Trahe
1359 672 1429 700 me
1447 663 1551 712 post
1569 663 1624 708 te,
1640 658 1664 684 *
1680 659 1723 699 in
1743 659 1847 701 odo-

1024 727 1117 756 rem
1150 718 1373 757 curremus
1404 717 1724 766 unguentorum
1754 717 1848 757 tuo-

1025 785 1136 813 rum:
1160 772 1304 814 oleum
1327 772 1513 815 effusum
1535 784 1694 813 nomen
1716 777 1849 813 tuum.

1292 829 1491 869 Psalmus
1519 828 1585 867 96.

1028 882 1281 988 Dominus
1295 886 1503 937 regnavit,
1518 885 1707 927 exsultet
1719 890 1850 927 terra:
1922 896 1930 907 ·

1121 946 1145 971 *
1163 943 1365 985 laetontur
1382 942 1535 983 insulae
1553 942 1713 983 multae.

1076 1001 1239 1051 Nubes,
1259 1004 1303 1042 et
1322 999 1462 1051 caligo
1481 1000 1526 1040 in
1543 999 1727 1040 circuitu
1747 999 1851 1051 ejus:

1025 1058 1049 1085 *
1081 1058 1260 1109 justitia,
1306 1061 1350 1099 et
1390 1055 1596 1109 judicium
1634 1056 1849 1097 correctio

1026 1114 1142 1156 sedis
1164 1115 1265 1167 ejus.

1076 1171 1194 1222 Ignis
1218 1175 1318 1212 ante
1341 1170 1486 1223 ipsum
1510 1168 1744 1227 praecedet,
1763 1169 1787 1195 *
1808 1173 1852 1210 et

1025 1227 1265 1269 inflamabit
1279 1227 1323 1267 in
1338 1226 1522 1268 circuitu
1534 1226 1733 1267 inimicos
1749 1227 1851 1278 eius.

1076 1283 1316 1325 Illuxorunt
1339 1282 1511 1334 fulgura
1535 1283 1624 1335 ejus
1649 1282 1744 1324 orbi
1767 1286 1850 1323 ter-

1026 1353 1101 1382 rae:
1119 1341 1143 1367 *
1166 1340 1290 1391 vidit,
1319 1344 1363 1382 et
1387 1341 1608 1381 commota
1632 1343 1700 1380 est
1722 1343 1850 1380 terra.

1078 1397 1267 1449 Montes,
1303 1397 1414 1438 sicut
1447 1409 1548 1437 cera
1579 1396 1799 1437 fluxorunt
1826 1408 1851 1436 a

1026 1454 1135 1496 facie
1176 1453 1368 1495 Domini:
1403 1453 1427 1479 *
1464 1466 1490 1494 a
1525 1452 1636 1494 facie
1673 1452 1851 1493 Domini

1027 1511 1168 1552 omnis
1185 1515 1314 1552 terra.

1078 1567 1458 1608 Annuntiavorunt
1502 1565 1603 1606 coeli
1642 1565 1851 1617 justitiam

1027 1624 1132 1676 ejus:
1158 1625 1183 1651 *
1211 1628 1254 1665 et
1282 1621 1485 1663 viderunt
1518 1634 1669 1663 omnes
1697 1621 1851 1674 populi

1026 1679 1211 1730 gloriam
1230 1680 1331 1731 ejus.

1081 1735 1411 1778 Confundantur
1452 1747 1622 1784 omnes,
1665 1734 1739 1786 qui
1777 1733 1850 1775 ad-

1030 1794 1155 1834 orant
1183 1792 1413 1845 sculptssia:
1440 1792 1464 1818 *
1492 1796 1536 1833 et
1565 1790 1639 1843 qui
1665 1790 1850 1841 glorian-

1027 1853 1099 1890 tur
1117 1850 1162 1890 in
1181 1849 1422 1891 simulacris
1442 1848 1543 1889 suis.

1079 1905 1277 1947 Adorate
1292 1918 1391 1946 eum
1408 1917 1559 1945 omnes
1574 1903 1732 1954 Angeli
1747 1903 1851 1955 ejus:

1027 1962 1051 1987 *
1071 1962 1247 2011 aud1'vit‚
1267 1966 1310 2003 et
1327 1960 1477 2002 laetata
1497 1964 1563 2001 est
1580 1959 1696 2001 Sion.

1078 2019 1135 2059 Et
1167 2017 1494 2060 exsultaverunt
1527 2015 1630 2057 filiae
1657 2016 1681 2057 J
1685 2015 1800 2066 udae,
1827 2015 1851 2041 *

1026 2079 1208 2127 propter
1227 2073 1385 2126 judicia
1404 2077 1480 2114 tua
1497 2072 1700 2114 Domine:

1080 2130 1295 2181 Quoniam
1312 2134 1361 2171 tu
1374 2128 1589 2170 Dominus
1600 2128 1851 2170 Altissimus

1028 2199 1159 2240 super
1189 2199 1362 2228 omnem
1386 2189 1563 2227 terram:
1586 2185 1610 2211 *
1630 2185 1757 2226 nimis
1781 2198 1850 2227 ex-

1027 2243 1188 2285 altatus
1209 2255 1255 2284 es
1276 2254 1407 2295 super
1427 2254 1578 2283 omnes
1598 2241 1717 2284 deos.

1080 2300 1164 2351 Qui
1178 2299 1356 2350 diligitis
1371 2298 1618 2348 Dominum,
1634 2297 1753 2340 odite
1762 2311 1849 2339 ma-

1027 2357 1130 2398 lum:
1157 2356 1181 2382 *
1211 2355 1403 2398 custodit
1434 2355 1649 2396 Dominus
1667 2355 1850 2396 'animas

1029 2415 1278 2455 sanctorum
1302 2413 1494 2462 suorum,
1523 2411 1578 2454 de
1600 2424 1732 2452 manu
1751 2423 1849 2464 pec-

1028 2469 1190 2511 catoris
1208 2467 1411 2510 liberabit
1431 2480 1518 2510 eos.

1080 2526 1176 2567 Lux
1208 2530 1304 2567 orta
1336 2529 1402 2566 est
1433 2525 1561 2576 justo,
1590 2525 1614 2550 *
1643 2528 1687 2565 et
1717 2523 1850 2565 rectis

1029 2582 1162 2624 corde
1181 2581 1344 2623 laetitia.

1079 2637 1307 2680 Laetamini
1333 2638 1435 2689 justi
1460 2637 1505 2678 in
1531 2636 1737 2677 Domino:
1757 2634 1781 2660 *
1807 2638 1851 2675 et

1028 2695 1294 2737 confitemini
1321 2693 1544 2736 memoriae
1573 2690 1848 2734 sanctificati·

1028 2752 1124 2793 onis
1144 2752 1245 2803 ejus.
