2040 2976
198 225 220 259 4
778 212 975 247 l)‹›1ninic;i
1001 209 1047 242 ud
1077 205 1310 240 Matutinum.

484 313 676 352 l’salmus
706 311 741 346 (ὃ.

1119 295 1307 337 Βότηίηε
1326 292 1446 332 Deus
1465 300 1589 329 meus
1608 285 1644 326 si
1663 283 1745 326 feci
1764 280 1893 330 istud,

293 372 445 419 emine,
465 382 518 410 ne
537 368 581 408 in
601 366 745 407 furere
764 367 841 403 tuo
862 362 1016 408 arguas
1069 355 1091 379 *
1112 354 1146 394 si
1167 356 1232 393 est
1251 348 1455 401 iniquitas
1474 346 1517 386 in
1537 341 1739 384 manibus
1755 338 1877 380 meis:

317 441 403 476 me,
437 428 459 452 *
492 436 633 475 neque
653 422 696 462 in
715 421 777 460 ira
796 423 869 458 tua
888 415 1017 456 corri-

204 488 298 540 pias
317 497 396 525 me.

256 541 460 583 Miserere
488 537 572 578 mei
598 532 783 575 Demine
813 527 1017 580 queniam

206 599 401 640 infirmus
426 607 536 636 sum:
560 593 582 617 *
611 601 715 631 sana
739 599 808 627 me
833 583 1019 625 Domine

206 654 411 707 quoniam
461 646 717 691 conturbata
771 646 870 683 sunt
921 651 1020 680 ossa

206 723 312 752 mea.

257 766 313 807 Et
332 764 474 805 anima
493 773 590 801 mea
608 757 781 799 turbata
797 759 862 795 est
881 751 1021 793 valde:

207 825 230 849 *
250 821 327 863 scd
346 826 392 861 tu
414 817 598 858 Demine
618 809 868 865 usquequo?

260 877 522 918 Convertere
565 870 771 917 Demine,
816 871 859 908 et
903 865 1022 916 eripe

211 934 397 975 animam
424 942 582 971 meam:
610 929 632 952 *
666 926 830 966 salvum
859 935 928 963 me
957 921 1023 961 fac

211 994 390 1043 propter
408 982 749 1027 misericerdiam
768 986 896 1022 tuam.

263 1044 476 1095 Quoniam
508 1054 594 1081 non
623 1044 688 1080 est
715 1039 758 1078 in
786 1040 926 1076 morte
952 1034 1024 1085 qui

212 1114 377 1143 memor
397 1100 452 1140 sit
472 1098 549 1139 tui:
573 1097 595 1121 *
621 1097 663 1136 in
688 1094 855 1135 inferno
881 1096 1024 1132 autem

214 1158 309 1210 quis
330 1154 604 1197 confitebitur
623 1150 723 1193 tibi?

263 1211 479 1254 Laboravi
499 1211 542 1250 in
561 1208 723 1259 gemitu
742 1218 852 1254 meo,
871 1202 1026 1244 lavabo

214 1283 292 1323 per
311 1267 499 1318 singulas
519 1270 669 1306 noctes
692 1263 850 1304 lectum
870 1272 1028 1301 meum:

214 1327 237 1351 ¹⁸¹
266 1324 451 1366 lacrimis
476 1322 583 1363 meis
607 1325 789 1361 stratum
808 1329 952 1358 meum
976 1315 1028 1355 ri-

215 1381 340 1432 gabo.

266 1436 484 1477 Turbatus
521 1439 586 1475 est
630 1446 654 1473 a
696 1431 841 1471 furore
879 1428 1030 1470 Oculus

217 1506 355 1534 meus:
394 1493 416 1516 *
458 1488 694 1531 inveteravi
731 1487 842 1527 inter
880 1497 1031 1525 omnes

219 1549 415 1590 inimicos
434 1559 565 1588 meos.

271 1603 492 1645 Discedite
511 1615 536 1643 a
555 1614 623 1642 me
643 1612 810 1647 omneS‚
835 1598 908 1649 qui
933 1609 1033 1649 ope-

221 1661 373 1701 ramini
394 1659 678 1710 iniquitatem:
696 1657 719 1680 *
740 1655 946 1707 queniam
964 1666 1033 1694 ex-

222 1716 385 1758 audivit
403 1715 612 1755 Dominus
627 1725 779 1753 vocem
799 1712 924 1752 fletus
939 1710 1035 1750 mei.

272 1771 504 1812 Exaudivit
528 1770 740 1810 Dominus
768 1767 1035 1820 deprecatio-

224 1842 321 1870 nem
341 1840 496 1874 meam‚
519 1827 541 1852 *
565 1825 777 1866 Dominus
796 1823 1035 1864 oratiencm

225 1897 364 1925 meam
385 1883 583 1935 suscepit.

278 1939 557 1986 Erubescant,
577 1943 619 1979 et
638 1936 949 1978 conturbentur
968 1948 1037 1976 ve-

226 1996 448 2038 hementer
463 2008 613 2036 omnes
628 1993 786 2034 inimici
796 1992 895 2034 mei:
905 1993 928 2018 *
940 2004 1038 2033 con-

228 2054 449 2094 vertantur
473 2057 515 2093 et
539 2049 795 2093 erubescant
820 2048 947 2090 valde
971 2061 1039 2089 ve-

228 2108 390 2149 Ιόείῒετ.

282 2166 358 2205 l'cr
386 2166 565 2204 Annum.
592 2165 686 2203 Ant.
711 2164 876 2203 servite
895 2162 1042 2202 Demi-

230 2233 286 2261 no
309 2220 350 2260 in
371 2220 540 2261 timere:
568 2223 610 2260 et
637 2218 849 2260 exsultate
878 2218 915 2259 εἰ
945 2231 1042 2259 cum

230 2278 428 2318 tremere.

287 2334 380 2373 Ant.
405 2335 519 2373 Deus
539 2330 665 2383 judex
685 2332 829 2382 justus.

513 2389 704 2427 psalmus
732 2389 766 2427 7.

321 2444 463 2485 ότηίηε
479 2444 596 2485 Deus
611 2456 732 2484 meus
747 2443 788 2483 in
804 2447 846 2484 te
862 2443 1046 2495 speravi:

356 2502 379 2525 ¹⁸¹
398 2500 563 2541 salvum
592 2513 660 2540 me
689 2499 755 2540 fac
775 2512 829 2540 ex
848 2498 1047 2539 Omnibus

234 2555 593 2609 persequentibus
612 2568 691 2603 τηε,
710 2561 753 2596 et
771 2554 906 2596 libera
926 2568 1004 2596 inc.

285 2611 530 2663 Nequando
550 2612 690 2663 rapiat
709 2617 755 2651 ut
773 2611 842 2651 leo
863 2611 1049 2651 animam

236 2681 387 2714 meam,
406 2669 428 2693 *
449 2667 551 2708 dum
572 2680 657 2707 non
678 2673 743 2708 est
764 2667 835 2718 qui
855 2666 1049 2714 redimat,

238 2737 375 2776 neque
397 2724 469 2776 qui
488 2724 653 2764 salvum
675 2723 812 2764 faciat.

1120 409 1163 451 Si
1201 404 1371 448 reddidi
1412 397 1753 443 retribuentibus
1789 393 1893 438 mihi

1068 465 1198 513 mala,
1226 464 1248 489 *
1278 459 1479 504 decidam
1502 455 1659 497 merito
1681 452 1737 494 ab
1756 451 1893 493 inimi-

1070 524 1131 565 cis
1151 521 1258 562 meis
1277 517 1427 559 inanis.

1121 576 1415 628 persequatur
1459 571 1659 612 inimicus
1705 565 1896 607 animam

1071 648 1232 682 meam,
1261 637 1303 673 et
1331 623 1694 681 comprehendat,
1724 627 1767 664 et
1795 633 1896 663 con—

1072 692 1214 734 culcet
1241 690 1283 729 in
1311 693 1427 728 terra
1454 684 1589 725 vitam
1616 693 1770 729 meam,
1797 679 1821 704 *
1854 682 1898 719 et

1071 747 1255 799 gleriam
1296 755 1438 784 meam
1478 741 1521 781 in
1561 737 1789 792 pulverem
1825 733 1897 776 de-

1074 805 1215 847 ducat.

1125 862 1322 908 Exsurge
1342 854 1530 896 Demine
1549 853 1592 892 in
1611 851 1675 892 ira
1694 855 1784 891 tua:
1807 848 1831 874 *
1856 851 1899 889 et

1076 917 1267 960 exaltare
1286 914 1328 954 in
1346 910 1503 953 finibus
1523 908 1799 950 inimicerum
1812 917 1899 946 me-

1077 978 1211 1016 erum.

1128 1031 1182 1071 Et
1211 1032 1395 1078 exsurge
1420 1024 1609 1067 Demine
1628 1022 1750 1062 Deus
1778 1031 1901 1060 meus

1076 1089 1118 1128 in
1164 1087 1388 1139 praecepto
1437 1080 1555 1134 quod
1596 1076 1837 1119 mandasti:
1878 1075 1901 1100 *

1078 1150 1120 1186 et
1157 1144 1378 1196 synagoga
1418 1137 1684 1192 populerum
1721 1133 1902 1175 circum-

1078 1200 1199 1242 dabit
1225 1204 1279 1240 te.

1130 1257 1184 1298 Et
1208 1260 1389 1308 propter
1411 1253 1523 1294 hanc
1542 1251 1587 1291 in
1606 1248 1742 1290 altum
1761 1245 1904 1296 regre-

1079 1313 1196 1355 dere:
1220 1314 1242 1338 *
1271 1311 1485 1352 Deminus
1514 1306 1677 1360 judicat
1702 1301 1904 1356 pepulos.

1129 1370 1153 1410 J
1156 1368 1283 1410 udica
1324 1380 1394 1408 me
1430 1364 1620 1407 Demine
1662 1357 1906 1402 secundum

1080 1426 1285 1479 justitiam
1305 1437 1458 1471 meam,
1477 1422 1500 1447 *
1521 1426 1564 1463 et
1583 1416 1828 1461 secundum
1845 1414 1906 1456 in-

1081 1482 1327 1524 nocentiam
1347 1493 1490 1522 meam
1511 1489 1642 1530 super
1661 1486 1744 1516 me.

1134 1539 1422 1580 Consumetur
1468 1533 1662 1587 nequitia
1703 1529 1907 1584 peccate-

1083 1609 1194 1643 rum,
1215 1600 1257 1636 et
1277 1594 1435 1645 diriges
1455 1594 1630 1644 iustum,
1654 1589 1678 1614 *
1707 1590 1908 1628 scrutans

1085 1651 1220 1694 corda
1240 1656 1283 1692 et
1302 1663 1428 1692 renes
1446 1650 1578 1690 Deus.

1135 1709 1159 1749 J
1161 1713 1304 1749 ustum
1325 1705 1587 1758 adjuterium
1605 1715 1753 1744 mcum
1776 1713 1803 1741 a
1820 1699 1910 1741 Do-

1085 1765 1223 1813 mino,
1258 1765 1280 1789 *
1325 1764 1398 1816 qui
1440 1762 1585 1803 salvos
1622 1758 1726 1801 facit
1761 1760 1908 1798 rectos

1087 1821 1231 1863 corde.
1652 1865 1659 1869 ³

1138 1878 1257 1918 Deus
1277 1877 1406 1929 judex
1426 1877 1577 1928 justus,
1603 1872 1744 1921 fortis,
1769 1875 1813 1912 et
1834 1870 1909 1923 pa-

1087 1935 1213 1976 tiens:
1232 1936 1254 1959 *
1280 1932 1491 1985 numquid
1509 1931 1710 1972 irascitur
1729 1940 1808 1981 per
1828 1928 1910 1967 sin-

1088 1991 1213 2041 gulos
1233 1989 1346 2032 dies?

1139 2047 1233 2088 Nisi
1266 2046 1464 2088 conversi
1497 2044 1681 2093 fueritis,
1719 2040 1912 2094 glddium

1091 2117 1215 2144 suum
1240 2102 1441 2144 vibrabit:
1469 2103 1491 2127 *
1521 2114 1670 2143 arcum
1699 2111 1825 2140 suum
1852 2101 1913 2138 te-

1091 2159 1241 2209 tendit,
1260 2165 1302 2201 et
1323 2159 1492 2212 paravit
1509 2158 1641 2199 illum.

1144 2217 1198 2258 Et
1226 2217 1268 2257 in
1294 2229 1346 2257 co
1374 2215 1545 2268 paravit
1570 2227 1675 2256 vasa
1699 2211 1868 2254 mortis:
1892 2209 1915 2236 *

1095 2275 1274 2322 sagittas
1294 2285 1394 2313 suas
1415 2270 1668 2313 ardentibus
1689 2268 1843 2311 effecit.

1147 2330 1259 2371 Ecce
1279 2329 1479 2382 parturiit
1498 2327 1763 2379 injustitiam:
1778 2326 1801 2350 ¹⁸¹
1817 2336 1918 2366 con-

1096 2386 1210 2438 cepit
1238 2385 1455 2433 dolorem,
1488 2390 1531 2426 et
1563 2383 1735 2436 peperit
1767 2379 1918 2433 iniqui-

1096 2444 1241 2483 tatem.
1849 2471 1856 2479 .

1147 2499 1310 2539 Lacum
1330 2497 1510 2550 aperuit,
1530 2502 1572 2538 et
1592 2496 1744 2538 effodit
1764 2507 1877 2536 eum:
1896 2493 1920 2518 *

1099 2560 1141 2596 ct
1161 2554 1310 2595 incidit
1328 2555 1372 2594 in
1393 2553 1565 2594 feveam
1585 2565 1716 2605 quam
1736 2551 1848 2593 fecit.

1152 2610 1439 2651 Convertetur
1460 2609 1586 2650 dolor
1606 2610 1696 2660 ejus
1721 2609 1764 2648 in
1789 2611 1923 2659 caput

1101 2667 1205 2717 eius:
1224 2667 1246 2691 *
1266 2672 1308 2707 ct
1328 2667 1371 2707 in
1386 2667 1595 2707 verticem
1614 2666 1751 2717 ipsius
1770 2663 1922 2716 iniqui-

1101 2728 1167 2764 tas
1187 2723 1275 2773 cjus
1296 2722 1543 2764 descendet.
