<?xml version="1.0" encoding="UTF-8"?>
<!DOCTYPE html PUBLIC "-//W3C//DTD XHTML 1.0 Transitional//EN"
    "http://www.w3.org/TR/xhtml1/DTD/xhtml1-transitional.dtd">
<html xmlns="http://www.w3.org/1999/xhtml" xml:lang="en" lang="en">
 <head>
  <title>
</title>
<meta http-equiv="Content-Type" content="text/html;charset=utf-8" />
  <meta name='ocr-system' content='tesseract 3.04.00' />
  <meta name='ocr-capabilities' content='ocr_page ocr_carea ocr_par ocr_line ocrx_word'/>
</head>
<body>
  <div class='ocr_page' id='page_1' title='image "./p3breviariumroma00cathuoft_0853.png"; bbox 0 0 2040 2976; ppageno 0'>
   <div class='ocr_carea' id='block_1_1' title="bbox 379 219 1648 261">
    <p class='ocr_par' dir='ltr' id='par_1_1' title="bbox 379 219 1648 261">
     <span class='ocr_line' id='line_1_1' title="bbox 379 219 1648 261; baseline 0.001 -7"><span class='ocrx_word' id='word_1_1' title='bbox 379 221 450 254; x_wconf 81' lang='lat' dir='ltr'>Die</span> <span class='ocrx_word' id='word_1_2' title='bbox 471 221 522 254; x_wconf 71' lang='lat'>24.</span> <span class='ocrx_word' id='word_1_3' title='bbox 546 220 646 261; x_wconf 78' lang='lat' dir='ltr'>Maii.</span> <span class='ocrx_word' id='word_1_4' title='bbox 678 220 718 253; x_wconf 69' lang='lat' dir='ltr'>B.</span> <span class='ocrx_word' id='word_1_5' title='bbox 746 220 791 253; x_wconf 83' lang='lat' dir='ltr'>M.</span> <span class='ocrx_word' id='word_1_6' title='bbox 810 220 853 253; x_wconf 75' lang='lat' dir='ltr'>V.</span> <span class='ocrx_word' id='word_1_7' title='bbox 878 220 949 253; x_wconf 84' lang='lat' dir='ltr'>sub</span> <span class='ocrx_word' id='word_1_8' title='bbox 971 219 1083 253; x_wconf 83' lang='lat' dir='ltr'>titulo</span> <span class='ocrx_word' id='word_1_9' title='bbox 1107 221 1305 253; x_wconf 72' lang='lat' dir='ltr'>Auxilium</span> <span class='ocrx_word' id='word_1_10' title='bbox 1330 222 1648 255; x_wconf 68' lang='lat' dir='ltr'>Christianorum.</span> 
     </span>
    </p>
   </div>
   <div class='ocr_carea' id='block_1_2' title="bbox 157 314 991 647">
    <p class='ocr_par' dir='ltr' id='par_1_2' title="bbox 157 314 991 647">
     <span class='ocr_line' id='line_1_2' title="bbox 160 314 990 367; baseline -0.001 -10"><span class='ocrx_word' id='word_1_11' title='bbox 160 315 279 365; x_wconf 90' lang='lat' dir='ltr'>sicis,</span> <span class='ocrx_word' id='word_1_12' title='bbox 309 328 421 367; x_wconf 92' lang='lat' dir='ltr'>quos</span> <span class='ocrx_word' id='word_1_13' title='bbox 445 315 512 356; x_wconf 94' lang='lat' dir='ltr'>sui</span> <span class='ocrx_word' id='word_1_14' title='bbox 532 314 666 356; x_wconf 90' lang='lat' dir='ltr'>veluti</span> <span class='ocrx_word' id='word_1_15' title='bbox 690 315 793 366; x_wconf 87' lang='lat' dir='ltr'>iuris</span> <span class='ocrx_word' id='word_1_16' title='bbox 816 328 913 356; x_wconf 91' lang='lat' dir='ltr'>esse</span> <span class='ocrx_word' id='word_1_17' title='bbox 933 315 990 356; x_wconf 86' lang='lat' dir='ltr'>af-</span> 
     </span>
     <span class='ocr_line' id='line_1_3' title="bbox 161 371 990 423; baseline 0 -11"><span class='ocrx_word' id='word_1_18' title='bbox 161 371 376 412; x_wconf 82' lang='lat' dir='ltr'>firmabat.</span> <span class='ocrx_word' id='word_1_19' title='bbox 402 371 499 412; x_wconf 92' lang='lat' dir='ltr'>Hac</span> <span class='ocrx_word' id='word_1_20' title='bbox 518 371 619 412; x_wconf 90' lang='lat' dir='ltr'>illac</span> <span class='ocrx_word' id='word_1_21' title='bbox 638 383 718 423; x_wconf 92' lang='lat' dir='ltr'>per</span> <span class='ocrx_word' id='word_1_22' title='bbox 736 371 891 413; x_wconf 90' lang='lat' dir='ltr'>urbem</span> <span class='ocrx_word' id='word_1_23' title='bbox 906 371 990 413; x_wconf 87' lang='lat' dir='ltr'>ala-</span> 
     </span>
     <span class='ocr_line' id='line_1_4' title="bbox 159 426 991 480; baseline 0 -11"><span class='ocrx_word' id='word_1_24' title='bbox 159 440 233 469; x_wconf 85' lang='lat' dir='ltr'>cer</span> <span class='ocrx_word' id='word_1_25' title='bbox 257 426 487 476; x_wconf 89' lang='lat' dir='ltr'>advolans‚</span> <span class='ocrx_word' id='word_1_26' title='bbox 518 427 756 468; x_wconf 81' lang='lat' dir='ltr'>innumeris</span> <span class='ocrx_word' id='word_1_27' title='bbox 783 427 991 480; x_wconf 90' lang='lat' dir='ltr'>operibus</span> 
     </span>
     <span class='ocr_line' id='line_1_5' title="bbox 158 481 990 536; baseline 0.001 -13"><span class='ocrx_word' id='word_1_28' title='bbox 158 488 324 536; x_wconf 89' lang='lat' dir='ltr'>praesto</span> <span class='ocrx_word' id='word_1_29' title='bbox 345 487 453 524; x_wconf 88' lang='lat' dir='ltr'>erat:</span> <span class='ocrx_word' id='word_1_30' title='bbox 478 488 522 524; x_wconf 89' lang='lat' dir='ltr'>at</span> <span class='ocrx_word' id='word_1_31' title='bbox 540 481 743 524; x_wconf 89' lang='lat' dir='ltr'>assiduus</span> <span class='ocrx_word' id='word_1_32' title='bbox 762 483 806 523; x_wconf 91' lang='lat' dir='ltr'>in</span> <span class='ocrx_word' id='word_1_33' title='bbox 825 489 990 525; x_wconf 84' lang='lat' dir='ltr'>sanctae</span> 
     </span>
     <span class='ocr_line' id='line_1_6' title="bbox 159 537 989 591; baseline 0 -11"><span class='ocrx_word' id='word_1_34' title='bbox 159 539 299 580; x_wconf 86' lang='lat' dir='ltr'>Gallae</span> <span class='ocrx_word' id='word_1_35' title='bbox 318 539 512 591; x_wconf 90' lang='lat' dir='ltr'>hospitio</span> <span class='ocrx_word' id='word_1_36' title='bbox 532 537 801 587; x_wconf 87' lang='lat' dir='ltr'>versabatur,</span> <span class='ocrx_word' id='word_1_37' title='bbox 820 544 868 580; x_wconf 92' lang='lat' dir='ltr'>ut</span> <span class='ocrx_word' id='word_1_38' title='bbox 884 542 989 591; x_wconf 81' lang='lat' dir='ltr'>pau-</span> 
     </span>
     <span class='ocr_line' id='line_1_7' title="bbox 157 594 989 647; baseline 0 -11"><span class='ocrx_word' id='word_1_39' title='bbox 157 607 301 647; x_wconf 89' lang='lat' dir='ltr'>peres,</span> <span class='ocrx_word' id='word_1_40' title='bbox 330 607 442 646; x_wconf 92' lang='lat' dir='ltr'>quos</span> <span class='ocrx_word' id='word_1_41' title='bbox 470 595 721 635; x_wconf 90' lang='lat' dir='ltr'>carissimos</span> <span class='ocrx_word' id='word_1_42' title='bbox 750 594 916 644; x_wconf 92' lang='lat' dir='ltr'>habuit,</span> <span class='ocrx_word' id='word_1_43' title='bbox 946 607 989 636; x_wconf 93' lang='lat' dir='ltr'>o-</span> 
     </span>
    </p>
   </div>
   <div class='ocr_carea' id='block_1_3' title="bbox 157 650 1007 704">
    <p class='ocr_par' dir='ltr' id='par_1_3' title="bbox 157 650 1007 704">
     <span class='ocr_line' id='line_1_8' title="bbox 157 650 1007 704; baseline 0.001 -13"><span class='ocrx_word' id='word_1_44' title='bbox 157 651 247 691; x_wconf 89' lang='lat' dir='ltr'>mni</span> <span class='ocrx_word' id='word_1_45' title='bbox 272 663 357 704; x_wconf 90' lang='lat' dir='ltr'>ope</span> <span class='ocrx_word' id='word_1_46' title='bbox 383 652 562 703; x_wconf 90' lang='lat' dir='ltr'>juvaret.</span> <span class='ocrx_word' id='word_1_47' title='bbox 600 650 670 691; x_wconf 91' lang='lat' dir='ltr'>Ob</span> <span class='ocrx_word' id='word_1_48' title='bbox 696 650 741 692; x_wconf 93' lang='lat' dir='ltr'>id</span> <span class='ocrx_word' id='word_1_49' title='bbox 767 663 793 691; x_wconf 91' lang='lat' dir='ltr'>a</span> <span class='ocrx_word' id='word_1_50' title='bbox 818 650 1007 703; x_wconf 90' lang='lat' dir='ltr'>decimo</span> 
     </span>
    </p>
   </div>
   <div class='ocr_carea' id='block_1_4' title="bbox 154 706 990 1488">
    <p class='ocr_par' dir='ltr' id='par_1_4' title="bbox 154 706 990 1488">
     <span class='ocr_line' id='line_1_9' title="bbox 160 706 989 758; baseline 0 -10"><span class='ocrx_word' id='word_1_51' title='bbox 160 707 311 758; x_wconf 93' lang='lat' dir='ltr'>quinto</span> <span class='ocrx_word' id='word_1_52' title='bbox 346 706 489 748; x_wconf 89' lang='lat' dir='ltr'>aetatis</span> <span class='ocrx_word' id='word_1_53' title='bbox 523 719 637 747; x_wconf 88' lang='lat' dir='ltr'>anno</span> <span class='ocrx_word' id='word_1_54' title='bbox 667 706 897 758; x_wconf 81' lang='lat' dir='ltr'>adjunctus</span> <span class='ocrx_word' id='word_1_55' title='bbox 926 719 989 748; x_wconf 89' lang='lat' dir='ltr'>sa-</span> 
     </span>
     <span class='ocr_line' id='line_1_10' title="bbox 159 762 989 814; baseline -0.001 -10"><span class='ocrx_word' id='word_1_56' title='bbox 159 762 389 804; x_wconf 91' lang='lat' dir='ltr'>cerdotum</span> <span class='ocrx_word' id='word_1_57' title='bbox 408 763 557 811; x_wconf 89' lang='lat' dir='ltr'>co&#39;etui,</span> <span class='ocrx_word' id='word_1_58' title='bbox 581 763 655 814; x_wconf 94' lang='lat' dir='ltr'>qui</span> <span class='ocrx_word' id='word_1_59' title='bbox 676 762 843 804; x_wconf 91' lang='lat' dir='ltr'>eisdem</span> <span class='ocrx_word' id='word_1_60' title='bbox 862 775 989 803; x_wconf 91' lang='lat' dir='ltr'>evan-</span> 
     </span>
     <span class='ocr_line' id='line_1_11' title="bbox 157 818 989 870; baseline 0.001 -11"><span class='ocrx_word' id='word_1_61' title='bbox 157 818 388 869; x_wconf 88' lang='lat' dir='ltr'>gelizando</span> <span class='ocrx_word' id='word_1_62' title='bbox 408 818 574 860; x_wconf 79' lang='lat' dir='ltr'>addicti</span> <span class='ocrx_word' id='word_1_63' title='bbox 593 823 708 867; x_wconf 88' lang='lat' dir='ltr'>sunt,</span> <span class='ocrx_word' id='word_1_64' title='bbox 731 818 792 859; x_wconf 90' lang='lat' dir='ltr'>ibi</span> <span class='ocrx_word' id='word_1_65' title='bbox 813 824 989 870; x_wconf 87' lang='lat' dir='ltr'>aposto-</span> 
     </span>
     <span class='ocr_line' id='line_1_12' title="bbox 157 873 989 927; baseline 0.001 -12"><span class='ocrx_word' id='word_1_66' title='bbox 157 874 273 917; x_wconf 87' lang='lat' dir='ltr'>latus</span> <span class='ocrx_word' id='word_1_67' title='bbox 298 875 364 916; x_wconf 91' lang='lat' dir='ltr'>sui</span> <span class='ocrx_word' id='word_1_68' title='bbox 393 875 608 916; x_wconf 91' lang='lat' dir='ltr'>rationem</span> <span class='ocrx_word' id='word_1_69' title='bbox 633 873 803 923; x_wconf 85' lang='lat' dir='ltr'>didicit,</span> <span class='ocrx_word' id='word_1_70' title='bbox 833 875 989 927; x_wconf 84' lang='lat' dir='ltr'>ipsius-</span> 
     </span>
     <span class='ocr_line' id='line_1_13' title="bbox 159 930 990 984; baseline 0 -12"><span class='ocrx_word' id='word_1_71' title='bbox 159 944 244 984; x_wconf 93' lang='lat' dir='ltr'>que</span> <span class='ocrx_word' id='word_1_72' title='bbox 264 931 490 973; x_wconf 90' lang='lat' dir='ltr'>societatis</span> <span class='ocrx_word' id='word_1_73' title='bbox 512 933 648 983; x_wconf 91' lang='lat' dir='ltr'>opera</span> <span class='ocrx_word' id='word_1_74' title='bbox 667 930 926 971; x_wconf 67' lang='lat' dir='ltr'>instauravit</span> <span class='ocrx_word' id='word_1_75' title='bbox 946 936 990 972; x_wconf 90' lang='lat' dir='ltr'>et</span> 
     </span>
     <span class='ocr_line' id='line_1_14' title="bbox 157 986 988 1029; baseline 0 -1"><span class='ocrx_word' id='word_1_76' title='bbox 157 987 289 1029; x_wconf 83' lang='lat' dir='ltr'>auxit.</span> <span class='ocrx_word' id='word_1_77' title='bbox 333 986 502 1028; x_wconf 90' lang='lat' dir='ltr'>Eadem</span> <span class='ocrx_word' id='word_1_78' title='bbox 521 986 823 1028; x_wconf 89' lang='lat' dir='ltr'>misericordia</span> <span class='ocrx_word' id='word_1_79' title='bbox 841 993 988 1028; x_wconf 91' lang='lat' dir='ltr'>motus</span> 
     </span>
     <span class='ocr_line' id='line_1_15' title="bbox 158 1043 988 1094; baseline -0.001 -9"><span class='ocrx_word' id='word_1_80' title='bbox 158 1046 396 1094; x_wconf 91' lang='lat' dir='ltr'>egenorum</span> <span class='ocrx_word' id='word_1_81' title='bbox 431 1043 624 1084; x_wconf 92' lang='lat' dir='ltr'>omnium</span> <span class='ocrx_word' id='word_1_82' title='bbox 651 1043 988 1084; x_wconf 87' lang='lat' dir='ltr'>necessitatibus</span> 
     </span>
     <span class='ocr_line' id='line_1_16' title="bbox 158 1097 988 1142; baseline -0.001 -2"><span class='ocrx_word' id='word_1_83' title='bbox 158 1099 440 1142; x_wconf 92' lang='lat' dir='ltr'>sublevandis</span> <span class='ocrx_word' id='word_1_84' title='bbox 476 1097 696 1140; x_wconf 90' lang='lat' dir='ltr'>modicam</span> <span class='ocrx_word' id='word_1_85' title='bbox 730 1112 854 1140; x_wconf 91' lang='lat' dir='ltr'>suam</span> <span class='ocrx_word' id='word_1_86' title='bbox 890 1099 988 1140; x_wconf 92' lang='lat' dir='ltr'>sub-</span> 
     </span>
     <span class='ocr_line' id='line_1_17' title="bbox 157 1154 988 1208; baseline -0.001 -12"><span class='ocrx_word' id='word_1_87' title='bbox 157 1156 364 1197; x_wconf 91' lang='lat' dir='ltr'>stantiam</span> <span class='ocrx_word' id='word_1_88' title='bbox 394 1154 618 1208; x_wconf 87' lang='lat' dir='ltr'>impendit.</span> <span class='ocrx_word' id='word_1_89' title='bbox 659 1155 883 1196; x_wconf 91' lang='lat' dir='ltr'>Perennes</span> <span class='ocrx_word' id='word_1_90' title='bbox 917 1168 988 1196; x_wconf 89' lang='lat' dir='ltr'>au·</span> 
     </span>
     <span class='ocr_line' id='line_1_18' title="bbox 155 1211 988 1262; baseline -0.001 -9"><span class='ocrx_word' id='word_1_91' title='bbox 155 1217 246 1253; x_wconf 91' lang='lat' dir='ltr'>tem</span> <span class='ocrx_word' id='word_1_92' title='bbox 281 1211 562 1262; x_wconf 91' lang='lat' dir='ltr'>infatigabilis</span> <span class='ocrx_word' id='word_1_93' title='bbox 599 1211 666 1252; x_wconf 92' lang='lat' dir='ltr'>sui</span> <span class='ocrx_word' id='word_1_94' title='bbox 706 1211 789 1252; x_wconf 89' lang='lat' dir='ltr'>zeli</span> <span class='ocrx_word' id='word_1_95' title='bbox 821 1211 988 1252; x_wconf 90' lang='lat' dir='ltr'>fructus</span> 
     </span>
     <span class='ocr_line' id='line_1_19' title="bbox 156 1267 988 1320; baseline -0.001 -12"><span class='ocrx_word' id='word_1_96' title='bbox 156 1268 347 1320; x_wconf 90' lang='lat' dir='ltr'>reliquit,</span> <span class='ocrx_word' id='word_1_97' title='bbox 379 1267 629 1317; x_wconf 85' lang='lat' dir='ltr'>satellitum,</span> <span class='ocrx_word' id='word_1_98' title='bbox 661 1269 888 1318; x_wconf 88' lang='lat' dir='ltr'>vagorum,</span> <span class='ocrx_word' id='word_1_99' title='bbox 920 1271 988 1308; x_wconf 85' lang='lat' dir='ltr'>ru-</span> 
     </span>
     <span class='ocr_line' id='line_1_20' title="bbox 156 1322 988 1371; baseline -0.001 -6"><span class='ocrx_word' id='word_1_100' title='bbox 156 1323 277 1365; x_wconf 91' lang='lat' dir='ltr'>dium</span> <span class='ocrx_word' id='word_1_101' title='bbox 294 1324 632 1371; x_wconf 69' lang='lat' dir='ltr'>institutionem,</span> <span class='ocrx_word' id='word_1_102' title='bbox 657 1322 912 1365; x_wconf 89' lang='lat' dir='ltr'>catecheses</span> <span class='ocrx_word' id='word_1_103' title='bbox 932 1323 988 1364; x_wconf 90' lang='lat' dir='ltr'>ad</span> 
     </span>
     <span class='ocr_line' id='line_1_21' title="bbox 157 1378 986 1427; baseline -0.001 -6"><span class='ocrx_word' id='word_1_104' title='bbox 157 1385 307 1421; x_wconf 90' lang='lat' dir='ltr'>sancte</span> <span class='ocrx_word' id='word_1_105' title='bbox 334 1379 507 1421; x_wconf 85' lang='lat' dir='ltr'>Pascha</span> <span class='ocrx_word' id='word_1_106' title='bbox 533 1378 863 1427; x_wconf 90' lang='lat' dir='ltr'>celebrandum,</span> <span class='ocrx_word' id='word_1_107' title='bbox 897 1392 986 1420; x_wconf 93' lang='lat' dir='ltr'>cer-</span> 
     </span>
     <span class='ocr_line' id='line_1_22' title="bbox 154 1434 987 1488; baseline -0.002 -10"><span class='ocrx_word' id='word_1_108' title='bbox 154 1442 246 1478; x_wconf 89' lang='lat' dir='ltr'>tam</span> <span class='ocrx_word' id='word_1_109' title='bbox 266 1434 513 1478; x_wconf 88' lang='lat' dir='ltr'>custodiam</span> <span class='ocrx_word' id='word_1_110' title='bbox 531 1434 815 1488; x_wconf 90' lang='lat' dir='ltr'>perditarum,</span> <span class='ocrx_word' id='word_1_111' title='bbox 836 1438 987 1476; x_wconf 82' lang='lat' dir='ltr'>noctu-</span> 
     </span>
    </p>
   </div>
   <div class='ocr_carea' id='block_1_5' title="bbox 153 1491 987 1882">
    <p class='ocr_par' dir='ltr' id='par_1_5' title="bbox 155 1491 987 1703">
     <span class='ocr_line' id='line_1_23' title="bbox 158 1491 987 1545; baseline -0.004 -10"><span class='ocrx_word' id='word_1_112' title='bbox 158 1506 242 1545; x_wconf 92' lang='lat' dir='ltr'>que</span> <span class='ocrx_word' id='word_1_113' title='bbox 266 1505 346 1545; x_wconf 90' lang='lat' dir='ltr'>per</span> <span class='ocrx_word' id='word_1_114' title='bbox 370 1492 536 1534; x_wconf 85' lang='lat' dir='ltr'>Urbem</span> <span class='ocrx_word' id='word_1_115' title='bbox 562 1492 814 1542; x_wconf 87' lang='lat' dir='ltr'>vagantium</span> <span class='ocrx_word' id='word_1_116' title='bbox 838 1491 987 1532; x_wconf 90' lang='lat' dir='ltr'>mulie-</span> 
     </span>
     <span class='ocr_line' id='line_1_24' title="bbox 155 1549 987 1601; baseline -0.002 -10"><span class='ocrx_word' id='word_1_117' title='bbox 155 1562 252 1591; x_wconf 92' lang='lat' dir='ltr'>rum</span> <span class='ocrx_word' id='word_1_118' title='bbox 267 1549 518 1601; x_wconf 82' lang='lat' dir='ltr'>hospitium,</span> <span class='ocrx_word' id='word_1_119' title='bbox 538 1551 763 1600; x_wconf 87' lang='lat' dir='ltr'>praecipue</span> <span class='ocrx_word' id='word_1_120' title='bbox 778 1561 884 1589; x_wconf 92' lang='lat' dir='ltr'>vero</span> <span class='ocrx_word' id='word_1_121' title='bbox 900 1551 987 1589; x_wconf 82' lang='lat' dir='ltr'>stu-</span> 
     </span>
     <span class='ocr_line' id='line_1_25' title="bbox 156 1604 986 1647; baseline -0.004 0"><span class='ocrx_word' id='word_1_122' title='bbox 156 1605 277 1647; x_wconf 88' lang='lat' dir='ltr'>dium</span> <span class='ocrx_word' id='word_1_123' title='bbox 301 1604 499 1647; x_wconf 90' lang='lat' dir='ltr'>lucrandi</span> <span class='ocrx_word' id='word_1_124' title='bbox 524 1605 690 1646; x_wconf 89' lang='lat' dir='ltr'>animas</span> <span class='ocrx_word' id='word_1_125' title='bbox 713 1605 757 1644; x_wconf 92' lang='lat' dir='ltr'>in</span> <span class='ocrx_word' id='word_1_126' title='bbox 776 1604 895 1645; x_wconf 91' lang='lat' dir='ltr'>clero</span> <span class='ocrx_word' id='word_1_127' title='bbox 917 1617 986 1645; x_wconf 81' lang='lat' dir='ltr'>ex-</span> 
     </span>
     <span class='ocr_line' id='line_1_26' title="bbox 155 1661 346 1703; baseline -0.01 0"><span class='ocrx_word' id='word_1_128' title='bbox 155 1661 346 1703; x_wconf 83' lang='lat' dir='ltr'>citatum.</span> 
     </span>
    </p>

    <p class='ocr_par' dir='ltr' id='par_1_6' title="bbox 153 1717 987 1882">
     <span class='ocr_line' id='line_1_27' title="bbox 207 1717 986 1770; baseline -0.003 -12"><span class='ocrx_word' id='word_1_129' title='bbox 207 1718 258 1770; x_wconf 64' lang='grc' dir='ltr'>Ιῖι.</span> <span class='ocrx_word' id='word_1_130' title='bbox 285 1717 463 1759; x_wconf 85' lang='lat' dir='ltr'>Amavit</span> <span class='ocrx_word' id='word_1_131' title='bbox 482 1729 582 1759; x_wconf 91' lang='lat' dir='ltr'>eum</span> <span class='ocrx_word' id='word_1_132' title='bbox 601 1717 831 1766; x_wconf 91' lang='lat' dir='ltr'>Dominus,</span> <span class='ocrx_word' id='word_1_133' title='bbox 856 1720 900 1757; x_wconf 87' lang='lat' dir='ltr'>et</span> <span class='ocrx_word' id='word_1_134' title='bbox 920 1728 986 1756; x_wconf 92' lang='lat' dir='ltr'>or-</span> 
     </span>
     <span class='ocr_line' id='line_1_28' title="bbox 153 1772 987 1824; baseline -0.002 -9"><span class='ocrx_word' id='word_1_135' title='bbox 153 1774 275 1815; x_wconf 87' lang='lat' dir='ltr'>navit</span> <span class='ocrx_word' id='word_1_136' title='bbox 309 1786 423 1815; x_wconf 88' lang='lat' dir='ltr'>eum:</span> <span class='ocrx_word' id='word_1_137' title='bbox 465 1773 623 1815; x_wconf 90' lang='lat' dir='ltr'>stolam</span> <span class='ocrx_word' id='word_1_138' title='bbox 656 1773 811 1824; x_wconf 82' lang='lat' dir='ltr'>gloriae</span> <span class='ocrx_word' id='word_1_139' title='bbox 846 1772 987 1813; x_wconf 90' lang='lat' dir='ltr'>induit</span> 
     </span>
     <span class='ocr_line' id='line_1_29' title="bbox 155 1828 987 1882; baseline -0.001 -11"><span class='ocrx_word' id='word_1_140' title='bbox 155 1843 265 1879; x_wconf 90' lang='lat' dir='ltr'>eum,</span> <span class='ocrx_word' id='word_1_141' title='bbox 295 1833 318 1856; x_wconf 86' lang='lat'>*</span> <span class='ocrx_word' id='word_1_142' title='bbox 344 1830 401 1871; x_wconf 93' lang='lat' dir='ltr'>Et</span> <span class='ocrx_word' id='word_1_143' title='bbox 428 1828 486 1871; x_wconf 88' lang='lat' dir='ltr'>ad</span> <span class='ocrx_word' id='word_1_144' title='bbox 511 1834 665 1882; x_wconf 89' lang='lat' dir='ltr'>portas</span> <span class='ocrx_word' id='word_1_145' title='bbox 692 1829 886 1882; x_wconf 86' lang='lat' dir='ltr'>paradisi</span> <span class='ocrx_word' id='word_1_146' title='bbox 917 1842 987 1870; x_wconf 91' lang='lat' dir='ltr'>co-</span> 
     </span>
    </p>
   </div>
   <div class='ocr_carea' id='block_1_6' title="bbox 153 1882 986 2386">
    <p class='ocr_par' dir='ltr' id='par_1_7' title="bbox 153 1882 986 2105">
     <span class='ocr_line' id='line_1_30' title="bbox 154 1882 986 1934; baseline -0.002 -6"><span class='ocrx_word' id='word_1_147' title='bbox 154 1887 327 1928; x_wconf 89' lang='lat' dir='ltr'>ronavit</span> <span class='ocrx_word' id='word_1_148' title='bbox 355 1899 466 1927; x_wconf 91' lang='lat' dir='ltr'>eum.</span> <span class='ocrx_word' id='word_1_149' title='bbox 519 1882 569 1934; x_wconf 65' lang='lat' dir='ltr'>V.</span> <span class='ocrx_word' id='word_1_150' title='bbox 595 1885 743 1927; x_wconf 90' lang='lat' dir='ltr'>Induit</span> <span class='ocrx_word' id='word_1_151' title='bbox 771 1899 870 1927; x_wconf 91' lang='lat' dir='ltr'>eum</span> <span class='ocrx_word' id='word_1_152' title='bbox 898 1886 986 1926; x_wconf 90' lang='lat' dir='ltr'>Do-</span> 
     </span>
     <span class='ocr_line' id='line_1_31' title="bbox 153 1942 986 1992; baseline -0.002 -8"><span class='ocrx_word' id='word_1_153' title='bbox 153 1943 296 1984; x_wconf 89' lang='lat' dir='ltr'>minus</span> <span class='ocrx_word' id='word_1_154' title='bbox 335 1942 519 1984; x_wconf 83' lang='lat' dir='ltr'>loricam</span> <span class='ocrx_word' id='word_1_155' title='bbox 558 1942 682 1992; x_wconf 84' lang='lat' dir='ltr'>fidei,</span> <span class='ocrx_word' id='word_1_156' title='bbox 729 1947 779 1992; x_wconf 32' lang='lat' dir='ltr'>et,</span> <span class='ocrx_word' id='word_1_157' title='bbox 814 1942 986 1983; x_wconf 88' lang='lat' dir='ltr'>ornavit</span> 
     </span>
     <span class='ocr_line' id='line_1_32' title="bbox 154 1997 621 2051; baseline -0.002 -11"><span class='ocrx_word' id='word_1_158' title='bbox 154 2012 264 2041; x_wconf 90' lang='lat' dir='ltr'>eum.</span> <span class='ocrx_word' id='word_1_159' title='bbox 297 1999 354 2040; x_wconf 90' lang='lat' dir='ltr'>Et</span> <span class='ocrx_word' id='word_1_160' title='bbox 376 1997 433 2040; x_wconf 92' lang='lat' dir='ltr'>ad</span> <span class='ocrx_word' id='word_1_161' title='bbox 455 2003 621 2051; x_wconf 88' lang='lat' dir='ltr'>portas.</span> 
     </span>
     <span class='ocr_line' id='line_1_33' title="bbox 457 2063 684 2105; baseline -0.004 -2"><span class='ocrx_word' id='word_1_162' title='bbox 457 2063 611 2105; x_wconf 87' lang='lat' dir='ltr'>Lectio</span> <span class='ocrx_word' id='word_1_163' title='bbox 631 2064 684 2104; x_wconf 86' lang='lat' dir='ltr'>vi.</span> 
     </span>
    </p>

    <p class='ocr_par' dir='ltr' id='par_1_8' title="bbox 233 2111 985 2161">
     <span class='ocr_line' id='line_1_34' title="bbox 233 2111 985 2161; baseline -0.001 -9"><span class='ocrx_word' id='word_1_164' title='bbox 233 2111 402 2152; x_wconf 90' lang='lat' dir='ltr'>aritatis</span> <span class='ocrx_word' id='word_1_165' title='bbox 425 2112 470 2152; x_wconf 93' lang='lat' dir='ltr'>in</span> <span class='ocrx_word' id='word_1_166' title='bbox 488 2112 632 2153; x_wconf 90' lang='lat' dir='ltr'>Deum</span> <span class='ocrx_word' id='word_1_167' title='bbox 659 2111 792 2152; x_wconf 92' lang='lat' dir='ltr'>ardor</span> <span class='ocrx_word' id='word_1_168' title='bbox 817 2124 871 2152; x_wconf 84' lang='lat' dir='ltr'>ex</span> <span class='ocrx_word' id='word_1_169' title='bbox 895 2111 985 2161; x_wconf 87' lang='lat' dir='ltr'>ejus</span> 
     </span>
    </p>

    <p class='ocr_par' dir='ltr' id='par_1_9' title="bbox 153 2167 986 2386">
     <span class='ocr_line' id='line_1_35' title="bbox 250 2167 984 2219; baseline -0.001 -11"><span class='ocrx_word' id='word_1_170' title='bbox 250 2180 326 2209; x_wconf 93' lang='lat' dir='ltr'>ore</span> <span class='ocrx_word' id='word_1_171' title='bbox 346 2167 576 2216; x_wconf 80' lang='lat' dir='ltr'>emicabat,</span> <span class='ocrx_word' id='word_1_172' title='bbox 601 2167 706 2209; x_wconf 91' lang='lat' dir='ltr'>dum</span> <span class='ocrx_word' id='word_1_173' title='bbox 726 2167 861 2208; x_wconf 92' lang='lat' dir='ltr'>sacris</span> <span class='ocrx_word' id='word_1_174' title='bbox 882 2179 984 2219; x_wconf 91' lang='lat' dir='ltr'>ope-</span> 
     </span>
     <span class='ocr_line' id='line_1_36' title="bbox 153 2223 986 2274; baseline -0.002 -9"><span class='ocrx_word' id='word_1_175' title='bbox 153 2223 349 2272; x_wconf 87' lang='lat' dir='ltr'>rabatur,</span> <span class='ocrx_word' id='word_1_176' title='bbox 378 2236 461 2264; x_wconf 91' lang='lat' dir='ltr'>nec</span> <span class='ocrx_word' id='word_1_177' title='bbox 483 2224 576 2264; x_wconf 88' lang='lat' dir='ltr'>sine</span> <span class='ocrx_word' id='word_1_178' title='bbox 598 2224 790 2265; x_wconf 82' lang='lat' dir='ltr'>lacrimis</span> <span class='ocrx_word' id='word_1_179' title='bbox 815 2223 870 2264; x_wconf 91' lang='lat' dir='ltr'>de</span> <span class='ocrx_word' id='word_1_180' title='bbox 895 2224 986 2274; x_wconf 91' lang='lat' dir='ltr'>ejus</span> 
     </span>
     <span class='ocr_line' id='line_1_37' title="bbox 153 2278 984 2332; baseline -0.002 -11"><span class='ocrx_word' id='word_1_181' title='bbox 153 2279 350 2321; x_wconf 91' lang='lat' dir='ltr'>bonitate</span> <span class='ocrx_word' id='word_1_182' title='bbox 383 2278 507 2332; x_wconf 92' lang='lat' dir='ltr'>loqui</span> <span class='ocrx_word' id='word_1_183' title='bbox 538 2282 725 2332; x_wconf 91' lang='lat' dir='ltr'>poterat.</span> <span class='ocrx_word' id='word_1_184' title='bbox 772 2280 823 2320; x_wconf 94' lang='lat' dir='ltr'>In</span> <span class='ocrx_word' id='word_1_185' title='bbox 856 2278 984 2320; x_wconf 92' lang='lat' dir='ltr'>colle-</span> 
     </span>
     <span class='ocr_line' id='line_1_38' title="bbox 153 2335 985 2386; baseline -0.001 -10"><span class='ocrx_word' id='word_1_186' title='bbox 153 2336 271 2386; x_wconf 90' lang='lat' dir='ltr'>gium</span> <span class='ocrx_word' id='word_1_187' title='bbox 287 2335 597 2377; x_wconf 90' lang='lat' dir='ltr'>canonicorum</span> <span class='ocrx_word' id='word_1_188' title='bbox 611 2335 805 2377; x_wconf 83' lang='lat' dir='ltr'>basilicae</span> <span class='ocrx_word' id='word_1_189' title='bbox 822 2340 985 2376; x_wconf 86' lang='lat' dir='ltr'>sanctae</span> 
     </span>
    </p>
   </div>
   <div class='ocr_carea' id='block_1_7' title="bbox 88 2391 985 2433">
    <p class='ocr_par' dir='ltr' id='par_1_10' title="bbox 88 2391 985 2433">
     <span class='ocr_line' id='line_1_39' title="bbox 88 2391 985 2433; baseline -0.002 -1"><span class='ocrx_word' id='word_1_190' title='bbox 88 2402 92 2409; x_wconf 90' lang='lat'>·</span> <span class='ocrx_word' id='word_1_191' title='bbox 154 2392 305 2433; x_wconf 85' lang='lat' dir='ltr'>Mariae</span> <span class='ocrx_word' id='word_1_192' title='bbox 328 2391 372 2431; x_wconf 93' lang='lat' dir='ltr'>in</span> <span class='ocrx_word' id='word_1_193' title='bbox 393 2391 630 2433; x_wconf 90' lang='lat' dir='ltr'>Cosmedin</span> <span class='ocrx_word' id='word_1_194' title='bbox 655 2405 710 2433; x_wconf 81' lang='lat' dir='ltr'>ex</span> <span class='ocrx_word' id='word_1_195' title='bbox 735 2391 985 2432; x_wconf 91' lang='lat' dir='ltr'>obedientia</span> 
     </span>
    </p>
   </div>
   <div class='ocr_carea' id='block_1_8' title="bbox 154 2447 985 2781">
    <p class='ocr_par' dir='ltr' id='par_1_11' title="bbox 154 2447 985 2781">
     <span class='ocr_line' id='line_1_40' title="bbox 155 2447 985 2500; baseline -0.004 -11"><span class='ocrx_word' id='word_1_196' title='bbox 155 2450 406 2500; x_wconf 90' lang='lat' dir='ltr'>cooptatus,</span> <span class='ocrx_word' id='word_1_197' title='bbox 433 2448 546 2489; x_wconf 92' lang='lat' dir='ltr'>inter</span> <span class='ocrx_word' id='word_1_198' title='bbox 565 2447 843 2500; x_wconf 89' lang='lat' dir='ltr'>psallendum</span> <span class='ocrx_word' id='word_1_199' title='bbox 861 2452 985 2487; x_wconf 82' lang='lat' dir='ltr'>extra</span> 
     </span>
     <span class='ocr_line' id='line_1_41' title="bbox 155 2503 985 2556; baseline -0.001 -12"><span class='ocrx_word' id='word_1_200' title='bbox 155 2516 309 2545; x_wconf 91' lang='lat' dir='ltr'>sensus</span> <span class='ocrx_word' id='word_1_201' title='bbox 342 2504 438 2556; x_wconf 91' lang='lat' dir='ltr'>rapi</span> <span class='ocrx_word' id='word_1_202' title='bbox 470 2503 713 2546; x_wconf 90' lang='lat' dir='ltr'>videbatur.</span> <span class='ocrx_word' id='word_1_203' title='bbox 764 2504 815 2544; x_wconf 94' lang='lat' dir='ltr'>In</span> <span class='ocrx_word' id='word_1_204' title='bbox 849 2503 985 2544; x_wconf 89' lang='lat' dir='ltr'>sacris</span> 
     </span>
     <span class='ocr_line' id='line_1_42' title="bbox 155 2558 984 2611; baseline -0.001 -11"><span class='ocrx_word' id='word_1_205' title='bbox 155 2559 428 2601; x_wconf 81' lang='lat' dir='ltr'>caeremoniis</span> <span class='ocrx_word' id='word_1_206' title='bbox 439 2559 810 2611; x_wconf 87' lang='lat' dir='ltr'>diligentissimus,</span> <span class='ocrx_word' id='word_1_207' title='bbox 827 2558 984 2600; x_wconf 91' lang='lat' dir='ltr'>domus</span> 
     </span>
     <span class='ocr_line' id='line_1_43' title="bbox 154 2614 985 2669; baseline -0.001 -13"><span class='ocrx_word' id='word_1_208' title='bbox 154 2616 238 2657; x_wconf 94' lang='lat' dir='ltr'>Dei</span> <span class='ocrx_word' id='word_1_209' title='bbox 275 2615 481 2657; x_wconf 92' lang='lat' dir='ltr'>decorem</span> <span class='ocrx_word' id='word_1_210' title='bbox 512 2616 749 2669; x_wconf 88' lang='lat' dir='ltr'>promovit,</span> <span class='ocrx_word' id='word_1_211' title='bbox 788 2620 831 2656; x_wconf 93' lang='lat' dir='ltr'>et</span> <span class='ocrx_word' id='word_1_212' title='bbox 863 2615 907 2655; x_wconf 91' lang='lat' dir='ltr'>in</span> <span class='ocrx_word' id='word_1_213' title='bbox 939 2614 985 2656; x_wconf 95' lang='lat' dir='ltr'>id</span> 
     </span>
     <span class='ocr_line' id='line_1_44' title="bbox 155 2671 982 2724; baseline -0.002 -12"><span class='ocrx_word' id='word_1_214' title='bbox 155 2685 256 2712; x_wconf 87' lang='lat' dir='ltr'>suas</span> <span class='ocrx_word' id='word_1_215' title='bbox 277 2684 387 2724; x_wconf 91' lang='lat' dir='ltr'>opes</span> <span class='ocrx_word' id='word_1_216' title='bbox 406 2671 593 2713; x_wconf 80' lang='lat' dir='ltr'>libenter</span> <span class='ocrx_word' id='word_1_217' title='bbox 608 2671 831 2722; x_wconf 87' lang='lat' dir='ltr'>erogabat.</span> <span class='ocrx_word' id='word_1_218' title='bbox 851 2671 982 2711; x_wconf 89' lang='lat' dir='ltr'>Amo-</span> 
     </span>
     <span class='ocr_line' id='line_1_45' title="bbox 154 2726 983 2781; baseline -0.001 -13"><span class='ocrx_word' id='word_1_219' title='bbox 154 2740 248 2769; x_wconf 90' lang='lat' dir='ltr'>rem</span> <span class='ocrx_word' id='word_1_220' title='bbox 272 2740 375 2778; x_wconf 84' lang='lat' dir='ltr'>erga</span> <span class='ocrx_word' id='word_1_221' title='bbox 393 2728 634 2781; x_wconf 89' lang='lat' dir='ltr'>Deiparam</span> <span class='ocrx_word' id='word_1_222' title='bbox 658 2727 702 2768; x_wconf 92' lang='lat' dir='ltr'>in</span> <span class='ocrx_word' id='word_1_223' title='bbox 721 2727 831 2768; x_wconf 87' lang='lat' dir='ltr'>alios</span> <span class='ocrx_word' id='word_1_224' title='bbox 851 2726 983 2768; x_wconf 88' lang='lat' dir='ltr'>effun-</span> 
     </span>
    </p>
   </div>
   <div class='ocr_carea' id='block_1_9' title="bbox 1784 222 1875 266">
    <p class='ocr_par' dir='ltr' id='par_1_12' title="bbox 1784 222 1875 266">
     <span class='ocr_line' id='line_1_46' title="bbox 1784 222 1875 266; baseline -0.011 0"><span class='ocrx_word' id='word_1_225' title='bbox 1784 222 1875 266; x_wconf 86' lang='lat'>[263]</span> 
     </span>
    </p>
   </div>
   <div class='ocr_carea' id='block_1_10' title="bbox 1038 315 1875 2151">
    <p class='ocr_par' dir='ltr' id='par_1_13' title="bbox 1038 315 1875 2151">
     <span class='ocr_line' id='line_1_47' title="bbox 1045 315 1874 369; baseline 0.001 -12"><span class='ocrx_word' id='word_1_226' title='bbox 1045 315 1196 366; x_wconf 88' lang='lat' dir='ltr'>debat,</span> <span class='ocrx_word' id='word_1_227' title='bbox 1229 318 1410 369; x_wconf 81' lang='lat' dir='ltr'>ejusque</span> <span class='ocrx_word' id='word_1_228' title='bbox 1441 316 1605 358; x_wconf 90' lang='lat' dir='ltr'>cultum</span> <span class='ocrx_word' id='word_1_229' title='bbox 1632 317 1675 357; x_wconf 94' lang='lat' dir='ltr'>in</span> <span class='ocrx_word' id='word_1_230' title='bbox 1701 330 1779 358; x_wconf 94' lang='lat' dir='ltr'>sua</span> <span class='ocrx_word' id='word_1_231' title='bbox 1808 330 1874 358; x_wconf 92' lang='lat' dir='ltr'>ec-</span> 
     </span>
     <span class='ocr_line' id='line_1_48' title="bbox 1044 372 1874 425; baseline 0.002 -13"><span class='ocrx_word' id='word_1_232' title='bbox 1044 372 1177 413; x_wconf 91' lang='lat' dir='ltr'>clesia</span> <span class='ocrx_word' id='word_1_233' title='bbox 1196 373 1322 423; x_wconf 87' lang='lat' dir='ltr'>fovit,</span> <span class='ocrx_word' id='word_1_234' title='bbox 1350 372 1505 414; x_wconf 87' lang='lat' dir='ltr'>addito</span> <span class='ocrx_word' id='word_1_235' title='bbox 1531 373 1664 413; x_wconf 90' lang='lat' dir='ltr'>etiam</span> <span class='ocrx_word' id='word_1_236' title='bbox 1684 373 1874 425; x_wconf 91' lang='lat' dir='ltr'>psalmo-</span> 
     </span>
     <span class='ocr_line' id='line_1_49' title="bbox 1044 427 1874 481; baseline 0.001 -12"><span class='ocrx_word' id='word_1_237' title='bbox 1044 427 1130 469; x_wconf 84' lang='lat' dir='ltr'>diae</span> <span class='ocrx_word' id='word_1_238' title='bbox 1155 428 1413 480; x_wconf 89' lang='lat' dir='ltr'>quotidiano</span> <span class='ocrx_word' id='word_1_239' title='bbox 1438 428 1616 469; x_wconf 89' lang='lat' dir='ltr'>laudum</span> <span class='ocrx_word' id='word_1_240' title='bbox 1636 429 1874 481; x_wconf 82' lang='lat' dir='ltr'>praeconio.</span> 
     </span>
     <span class='ocr_line' id='line_1_50' title="bbox 1042 484 1874 537; baseline 0.002 -13"><span class='ocrx_word' id='word_1_241' title='bbox 1042 484 1235 537; x_wconf 88' lang='lat' dir='ltr'>Philippi</span> <span class='ocrx_word' id='word_1_242' title='bbox 1263 485 1385 526; x_wconf 90' lang='lat' dir='ltr'>Nerii</span> <span class='ocrx_word' id='word_1_243' title='bbox 1424 484 1581 536; x_wconf 92' lang='lat' dir='ltr'>spiritu</span> <span class='ocrx_word' id='word_1_244' title='bbox 1614 484 1750 525; x_wconf 91' lang='lat' dir='ltr'>imbui</span> <span class='ocrx_word' id='word_1_245' title='bbox 1787 490 1874 526; x_wconf 91' lang='lat' dir='ltr'>stu-</span> 
     </span>
     <span class='ocr_line' id='line_1_51' title="bbox 1044 540 1874 593; baseline 0.001 -12"><span class='ocrx_word' id='word_1_246' title='bbox 1044 540 1168 590; x_wconf 87' lang='lat' dir='ltr'>dens,</span> <span class='ocrx_word' id='word_1_247' title='bbox 1211 546 1254 582; x_wconf 89' lang='lat' dir='ltr'>et</span> <span class='ocrx_word' id='word_1_248' title='bbox 1290 541 1333 581; x_wconf 92' lang='lat' dir='ltr'>in</span> <span class='ocrx_word' id='word_1_249' title='bbox 1371 553 1524 582; x_wconf 91' lang='lat' dir='ltr'>omnes</span> <span class='ocrx_word' id='word_1_250' title='bbox 1561 540 1731 581; x_wconf 83' lang='lat' dir='ltr'>co&#39;elites</span> <span class='ocrx_word' id='word_1_251' title='bbox 1757 542 1874 593; x_wconf 85' lang='lat' dir='ltr'>pius,</span> 
     </span>
     <span class='ocr_line' id='line_1_52' title="bbox 1043 596 1874 650; baseline 0.002 -14"><span class='ocrx_word' id='word_1_252' title='bbox 1043 596 1365 649; x_wconf 79' lang='lat' dir='ltr'>Apostolorum</span> <span class='ocrx_word' id='word_1_253' title='bbox 1390 597 1645 648; x_wconf 87' lang='lat' dir='ltr'>Principum</span> <span class='ocrx_word' id='word_1_254' title='bbox 1673 597 1874 650; x_wconf 91' lang='lat' dir='ltr'>obsequi-</span> 
     </span>
     <span class='ocr_line' id='line_1_53' title="bbox 1042 652 1872 703; baseline 0.002 -10"><span class='ocrx_word' id='word_1_255' title='bbox 1042 666 1116 693; x_wconf 92' lang='lat' dir='ltr'>um</span> <span class='ocrx_word' id='word_1_256' title='bbox 1142 652 1390 703; x_wconf 89' lang='lat' dir='ltr'>augendum</span> <span class='ocrx_word' id='word_1_257' title='bbox 1417 653 1597 694; x_wconf 87' lang='lat' dir='ltr'>curavit.</span> <span class='ocrx_word' id='word_1_258' title='bbox 1635 654 1685 693; x_wconf 91' lang='lat' dir='ltr'>In</span> <span class='ocrx_word' id='word_1_259' title='bbox 1714 654 1872 695; x_wconf 89' lang='lat' dir='ltr'>oratio-</span> 
     </span>
     <span class='ocr_line' id='line_1_54' title="bbox 1041 709 1875 761; baseline 0.001 -12"><span class='ocrx_word' id='word_1_260' title='bbox 1041 722 1095 750; x_wconf 92' lang='lat' dir='ltr'>ne</span> <span class='ocrx_word' id='word_1_261' title='bbox 1112 711 1319 761; x_wconf 89' lang='lat' dir='ltr'>omnique</span> <span class='ocrx_word' id='word_1_262' title='bbox 1334 709 1543 750; x_wconf 81' lang='lat' dir='ltr'>virtutum</span> <span class='ocrx_word' id='word_1_263' title='bbox 1559 709 1875 750; x_wconf 83' lang='lat' dir='ltr'>exercitatione</span> 
     </span>
     <span class='ocr_line' id='line_1_55' title="bbox 1042 765 1873 817; baseline 0 -12"><span class='ocrx_word' id='word_1_264' title='bbox 1042 765 1261 814; x_wconf 89' lang='lat' dir='ltr'>assiduus,</span> <span class='ocrx_word' id='word_1_265' title='bbox 1291 765 1491 817; x_wconf 81' lang='lat' dir='ltr'>supernis</span> <span class='ocrx_word' id='word_1_266' title='bbox 1517 778 1693 816; x_wconf 91' lang='lat' dir='ltr'>quoque</span> <span class='ocrx_word' id='word_1_267' title='bbox 1713 765 1873 806; x_wconf 90' lang='lat' dir='ltr'>charis-</span> 
     </span>
     <span class='ocr_line' id='line_1_56' title="bbox 1041 820 1874 873; baseline 0 -12"><span class='ocrx_word' id='word_1_268' title='bbox 1041 821 1232 862; x_wconf 88' lang='lat' dir='ltr'>matibus</span> <span class='ocrx_word' id='word_1_269' title='bbox 1249 820 1449 869; x_wconf 68' lang='lat' dir='ltr'>donatus,</span> <span class='ocrx_word' id='word_1_270' title='bbox 1468 820 1647 862; x_wconf 91' lang='lat' dir='ltr'>tandem</span> <span class='ocrx_word' id='word_1_271' title='bbox 1665 821 1708 860; x_wconf 95' lang='lat' dir='ltr'>in</span> <span class='ocrx_word' id='word_1_272' title='bbox 1727 820 1874 873; x_wconf 91' lang='lat' dir='ltr'>hospi-</span> 
     </span>
     <span class='ocr_line' id='line_1_57' title="bbox 1041 877 1872 926; baseline -0.002 -8"><span class='ocrx_word' id='word_1_273' title='bbox 1041 877 1120 926; x_wconf 91' lang='lat' dir='ltr'>tio,</span> <span class='ocrx_word' id='word_1_274' title='bbox 1149 877 1218 918; x_wconf 92' lang='lat' dir='ltr'>cui</span> <span class='ocrx_word' id='word_1_275' title='bbox 1243 889 1404 918; x_wconf 91' lang='lat' dir='ltr'>nomen</span> <span class='ocrx_word' id='word_1_276' title='bbox 1430 889 1455 917; x_wconf 90' lang='lat' dir='ltr'>a</span> <span class='ocrx_word' id='word_1_277' title='bbox 1481 877 1755 917; x_wconf 87' lang='lat' dir='ltr'>sanctissima</span> <span class='ocrx_word' id='word_1_278' title='bbox 1779 877 1872 917; x_wconf 92' lang='lat' dir='ltr'>Tri-</span> 
     </span>
     <span class='ocr_line' id='line_1_58' title="bbox 1041 931 1872 984; baseline 0.001 -12"><span class='ocrx_word' id='word_1_279' title='bbox 1041 933 1195 982; x_wconf 89' lang='lat' dir='ltr'>nitate,</span> <span class='ocrx_word' id='word_1_280' title='bbox 1226 945 1312 984; x_wconf 93' lang='lat' dir='ltr'>quo</span> <span class='ocrx_word' id='word_1_281' title='bbox 1338 946 1385 973; x_wconf 92' lang='lat' dir='ltr'>se</span> <span class='ocrx_word' id='word_1_282' title='bbox 1411 931 1647 973; x_wconf 81' lang='lat' dir='ltr'>reduxerat</span> <span class='ocrx_word' id='word_1_283' title='bbox 1669 932 1712 972; x_wconf 88' lang='lat' dir='ltr'>in</span> <span class='ocrx_word' id='word_1_284' title='bbox 1733 945 1872 973; x_wconf 85' lang='lat' dir='ltr'>sacer-</span> 
     </span>
     <span class='ocr_line' id='line_1_59' title="bbox 1042 987 1873 1037; baseline -0.001 -7"><span class='ocrx_word' id='word_1_285' title='bbox 1042 988 1196 1030; x_wconf 91' lang='lat' dir='ltr'>dotum</span> <span class='ocrx_word' id='word_1_286' title='bbox 1229 992 1495 1037; x_wconf 87' lang='lat' dir='ltr'>convictum,</span> <span class='ocrx_word' id='word_1_287' title='bbox 1534 987 1760 1028; x_wconf 90' lang='lat' dir='ltr'>laboribus</span> <span class='ocrx_word' id='word_1_288' title='bbox 1793 989 1873 1029; x_wconf 88' lang='lat' dir='ltr'>fra-</span> 
     </span>
     <span class='ocr_line' id='line_1_60' title="bbox 1042 1043 1874 1093; baseline -0.001 -7"><span class='ocrx_word' id='word_1_289' title='bbox 1042 1051 1138 1086; x_wconf 89' lang='lat' dir='ltr'>ctus</span> <span class='ocrx_word' id='word_1_290' title='bbox 1163 1044 1220 1086; x_wconf 86' lang='lat' dir='ltr'>ad</span> <span class='ocrx_word' id='word_1_291' title='bbox 1240 1046 1342 1086; x_wconf 86' lang='lat' dir='ltr'>vitae</span> <span class='ocrx_word' id='word_1_292' title='bbox 1368 1045 1531 1086; x_wconf 84' lang='lat' dir='ltr'>exitum</span> <span class='ocrx_word' id='word_1_293' title='bbox 1556 1043 1776 1084; x_wconf 80' lang='lat' dir='ltr'>adductus</span> <span class='ocrx_word' id='word_1_294' title='bbox 1796 1050 1874 1093; x_wconf 89' lang='lat' dir='ltr'>est,</span> 
     </span>
     <span class='ocr_line' id='line_1_61' title="bbox 1041 1100 1874 1153; baseline -0.001 -11"><span class='ocrx_word' id='word_1_295' title='bbox 1041 1107 1173 1153; x_wconf 85' lang='lat' dir='ltr'>atque</span> <span class='ocrx_word' id='word_1_296' title='bbox 1202 1101 1414 1142; x_wconf 78' lang='lat' dir='ltr'>Ecclesiae</span> <span class='ocrx_word' id='word_1_297' title='bbox 1448 1100 1734 1141; x_wconf 81' lang='lat' dir='ltr'>sacramentis</span> <span class='ocrx_word' id='word_1_298' title='bbox 1767 1100 1874 1141; x_wconf 88' lang='lat' dir='ltr'>refe-</span> 
     </span>
     <span class='ocr_line' id='line_1_62' title="bbox 1041 1157 1874 1208; baseline -0.002 -10"><span class='ocrx_word' id='word_1_299' title='bbox 1041 1163 1152 1205; x_wconf 83' lang='lat' dir='ltr'>ctus,</span> <span class='ocrx_word' id='word_1_300' title='bbox 1181 1157 1375 1198; x_wconf 89' lang='lat' dir='ltr'>caritatis</span> <span class='ocrx_word' id='word_1_301' title='bbox 1401 1159 1538 1208; x_wconf 90' lang='lat' dir='ltr'>opera</span> <span class='ocrx_word' id='word_1_302' title='bbox 1562 1162 1605 1197; x_wconf 93' lang='lat' dir='ltr'>et</span> <span class='ocrx_word' id='word_1_303' title='bbox 1628 1158 1874 1208; x_wconf 82' lang='lat' dir='ltr'>pauperum</span> 
     </span>
     <span class='ocr_line' id='line_1_63' title="bbox 1042 1211 1874 1259; baseline -0.004 -5"><span class='ocrx_word' id='word_1_304' title='bbox 1042 1226 1191 1254; x_wconf 88' lang='lat' dir='ltr'>curam</span> <span class='ocrx_word' id='word_1_305' title='bbox 1230 1211 1558 1259; x_wconf 86' lang='lat' dir='ltr'>commendans,</span> <span class='ocrx_word' id='word_1_306' title='bbox 1605 1211 1795 1253; x_wconf 79' lang='lat' dir='ltr'>decessit</span> <span class='ocrx_word' id='word_1_307' title='bbox 1831 1212 1874 1252; x_wconf 92' lang='lat' dir='ltr'>in</span> 
     </span>
     <span class='ocr_line' id='line_1_64' title="bbox 1042 1268 1874 1318; baseline -0.002 -8"><span class='ocrx_word' id='word_1_308' title='bbox 1042 1269 1193 1310; x_wconf 93' lang='lat' dir='ltr'>osculo</span> <span class='ocrx_word' id='word_1_309' title='bbox 1214 1269 1405 1318; x_wconf 91' lang='lat' dir='ltr'>Domini,</span> <span class='ocrx_word' id='word_1_310' title='bbox 1426 1268 1496 1310; x_wconf 91' lang='lat' dir='ltr'>die</span> <span class='ocrx_word' id='word_1_311' title='bbox 1515 1268 1726 1318; x_wconf 89' lang='lat' dir='ltr'>vigesima</span> <span class='ocrx_word' id='word_1_312' title='bbox 1744 1268 1874 1308; x_wconf 85' lang='lat' dir='ltr'>tertia</span> 
     </span>
     <span class='ocr_line' id='line_1_65' title="bbox 1041 1323 1873 1376; baseline -0.002 -11"><span class='ocrx_word' id='word_1_313' title='bbox 1041 1325 1158 1376; x_wconf 82' lang='lat' dir='ltr'>Maii,</span> <span class='ocrx_word' id='word_1_314' title='bbox 1197 1337 1310 1365; x_wconf 90' lang='lat' dir='ltr'>anno</span> <span class='ocrx_word' id='word_1_315' title='bbox 1346 1324 1507 1365; x_wconf 89' lang='lat' dir='ltr'>Christi</span> <span class='ocrx_word' id='word_1_316' title='bbox 1543 1323 1775 1364; x_wconf 90' lang='lat' dir='ltr'>millesimo</span> <span class='ocrx_word' id='word_1_317' title='bbox 1809 1336 1873 1364; x_wconf 94' lang='lat' dir='ltr'>se-</span> 
     </span>
     <span class='ocr_line' id='line_1_66' title="bbox 1040 1380 1872 1433; baseline -0.002 -11"><span class='ocrx_word' id='word_1_318' title='bbox 1040 1381 1380 1433; x_wconf 88' lang='lat' dir='ltr'>ptingentesimo</span> <span class='ocrx_word' id='word_1_319' title='bbox 1405 1380 1679 1430; x_wconf 84' lang='lat' dir='ltr'>sexagesimo</span> <span class='ocrx_word' id='word_1_320' title='bbox 1706 1384 1872 1431; x_wconf 91' lang='lat' dir='ltr'>quarto,</span> 
     </span>
     <span class='ocr_line' id='line_1_67' title="bbox 1041 1436 1872 1486; baseline -0.004 -8"><span class='ocrx_word' id='word_1_321' title='bbox 1041 1438 1185 1478; x_wconf 81' lang='lat' dir='ltr'>aetatis</span> <span class='ocrx_word' id='word_1_322' title='bbox 1210 1450 1302 1478; x_wconf 82' lang='lat' dir='ltr'>suae</span> <span class='ocrx_word' id='word_1_323' title='bbox 1327 1437 1603 1486; x_wconf 87' lang='lat' dir='ltr'>sexagesimo</span> <span class='ocrx_word' id='word_1_324' title='bbox 1629 1443 1769 1476; x_wconf 81' lang='lat' dir='ltr'>sexto.</span> <span class='ocrx_word' id='word_1_325' title='bbox 1806 1436 1872 1475; x_wconf 91' lang='lat' dir='ltr'>In-</span> 
     </span>
     <span class='ocr_line' id='line_1_68' title="bbox 1041 1491 1873 1544; baseline -0.004 -10"><span class='ocrx_word' id='word_1_326' title='bbox 1041 1496 1164 1544; x_wconf 87' lang='lat' dir='ltr'>signe</span> <span class='ocrx_word' id='word_1_327' title='bbox 1210 1493 1323 1534; x_wconf 91' lang='lat' dir='ltr'>adeo</span> <span class='ocrx_word' id='word_1_328' title='bbox 1367 1492 1656 1533; x_wconf 88' lang='lat' dir='ltr'>sacerdotalis</span> <span class='ocrx_word' id='word_1_329' title='bbox 1700 1491 1873 1532; x_wconf 81' lang='lat' dir='ltr'>virtutis</span> 
     </span>
     <span class='ocr_line' id='line_1_69' title="bbox 1042 1547 1872 1601; baseline -0.004 -11"><span class='ocrx_word' id='word_1_330' title='bbox 1042 1549 1266 1601; x_wconf 81' lang='lat' dir='ltr'>exemplar</span> <span class='ocrx_word' id='word_1_331' title='bbox 1293 1548 1511 1589; x_wconf 89' lang='lat' dir='ltr'>miraculis</span> <span class='ocrx_word' id='word_1_332' title='bbox 1536 1548 1658 1588; x_wconf 94' lang='lat' dir='ltr'>Deus</span> <span class='ocrx_word' id='word_1_333' title='bbox 1684 1547 1872 1588; x_wconf 91' lang='lat' dir='ltr'>illustra-</span> 
     </span>
     <span class='ocr_line' id='line_1_70' title="bbox 1041 1602 1872 1656; baseline -0.005 -10"><span class='ocrx_word' id='word_1_334' title='bbox 1041 1618 1087 1646; x_wconf 93' lang='lat' dir='ltr'>re</span> <span class='ocrx_word' id='word_1_335' title='bbox 1108 1605 1312 1655; x_wconf 87' lang='lat' dir='ltr'>dignatus</span> <span class='ocrx_word' id='word_1_336' title='bbox 1333 1611 1414 1653; x_wconf 87' lang='lat' dir='ltr'>est,</span> <span class='ocrx_word' id='word_1_337' title='bbox 1435 1603 1593 1656; x_wconf 90' lang='lat' dir='ltr'>quibus</span> <span class='ocrx_word' id='word_1_338' title='bbox 1614 1604 1695 1644; x_wconf 92' lang='lat' dir='ltr'>rite</span> <span class='ocrx_word' id='word_1_339' title='bbox 1715 1602 1872 1654; x_wconf 91' lang='lat' dir='ltr'>proba—</span> 
     </span>
     <span class='ocr_line' id='line_1_71' title="bbox 1040 1660 1872 1710; baseline -0.005 -8"><span class='ocrx_word' id='word_1_340' title='bbox 1040 1662 1114 1710; x_wconf 91' lang='lat' dir='ltr'>tis,</span> <span class='ocrx_word' id='word_1_341' title='bbox 1143 1662 1347 1702; x_wconf 88' lang='lat' dir='ltr'>Summus</span> <span class='ocrx_word' id='word_1_342' title='bbox 1372 1660 1576 1701; x_wconf 82' lang='lat' dir='ltr'>Pontifex</span> <span class='ocrx_word' id='word_1_343' title='bbox 1600 1660 1704 1699; x_wconf 90' lang='lat' dir='ltr'>Pius</span> <span class='ocrx_word' id='word_1_344' title='bbox 1730 1671 1872 1699; x_wconf 93' lang='lat' dir='ltr'>nonus</span> 
     </span>
     <span class='ocr_line' id='line_1_72' title="bbox 1039 1714 1872 1767; baseline -0.006 -8"><span class='ocrx_word' id='word_1_345' title='bbox 1039 1718 1171 1759; x_wconf 87' lang='lat' dir='ltr'>tertio</span> <span class='ocrx_word' id='word_1_346' title='bbox 1208 1716 1314 1758; x_wconf 90' lang='lat' dir='ltr'>Idus</span> <span class='ocrx_word' id='word_1_347' title='bbox 1353 1717 1453 1767; x_wconf 89' lang='lat' dir='ltr'>Maji</span> <span class='ocrx_word' id='word_1_348' title='bbox 1490 1729 1603 1757; x_wconf 90' lang='lat' dir='ltr'>anno</span> <span class='ocrx_word' id='word_1_349' title='bbox 1641 1714 1872 1755; x_wconf 89' lang='lat' dir='ltr'>millesimo</span> 
     </span>
     <span class='ocr_line' id='line_1_73' title="bbox 1041 1770 1873 1825; baseline -0.006 -10"><span class='ocrx_word' id='word_1_350' title='bbox 1041 1773 1406 1825; x_wconf 88' lang='lat' dir='ltr'>octingentesimo</span> <span class='ocrx_word' id='word_1_351' title='bbox 1445 1772 1721 1822; x_wconf 78' lang='lat' dir='ltr'>sexagesimo</span> <span class='ocrx_word' id='word_1_352' title='bbox 1757 1770 1873 1811; x_wconf 87' lang='lat' dir='ltr'>co&#39;eli-</span> 
     </span>
     <span class='ocr_line' id='line_1_74' title="bbox 1039 1827 1873 1872; baseline -0.007 0"><span class='ocrx_word' id='word_1_353' title='bbox 1039 1835 1132 1872; x_wconf 91' lang='lat' dir='ltr'>tum</span> <span class='ocrx_word' id='word_1_354' title='bbox 1177 1830 1409 1871; x_wconf 89' lang='lat' dir='ltr'>beatorum</span> <span class='ocrx_word' id='word_1_355' title='bbox 1453 1827 1695 1869; x_wconf 90' lang='lat' dir='ltr'>honoribus</span> <span class='ocrx_word' id='word_1_356' title='bbox 1740 1827 1873 1867; x_wconf 82' lang='lat' dir='ltr'>auxit:</span> 
     </span>
     <span class='ocr_line' id='line_1_75' title="bbox 1039 1882 1871 1938; baseline -0.006 -11"><span class='ocrx_word' id='word_1_357' title='bbox 1039 1889 1254 1938; x_wconf 89' lang='lat' dir='ltr'>novisque</span> <span class='ocrx_word' id='word_1_358' title='bbox 1275 1885 1514 1936; x_wconf 82' lang='lat' dir='ltr'>fulgentem</span> <span class='ocrx_word' id='word_1_359' title='bbox 1534 1884 1669 1933; x_wconf 89' lang='lat' dir='ltr'>signis</span> <span class='ocrx_word' id='word_1_360' title='bbox 1688 1883 1779 1923; x_wconf 94' lang='lat' dir='ltr'>Leo</span> <span class='ocrx_word' id='word_1_361' title='bbox 1800 1882 1871 1923; x_wconf 90' lang='lat' dir='ltr'>de-</span> 
     </span>
     <span class='ocr_line' id='line_1_76' title="bbox 1039 1938 1870 1983; baseline -0.006 0"><span class='ocrx_word' id='word_1_362' title='bbox 1039 1943 1177 1983; x_wconf 91' lang='lat' dir='ltr'>cimus</span> <span class='ocrx_word' id='word_1_363' title='bbox 1210 1941 1365 1982; x_wconf 90' lang='lat' dir='ltr'>tertius</span> <span class='ocrx_word' id='word_1_364' title='bbox 1398 1946 1525 1981; x_wconf 80' lang='lat' dir='ltr'>sexto</span> <span class='ocrx_word' id='word_1_365' title='bbox 1554 1938 1660 1980; x_wconf 92' lang='lat' dir='ltr'>Idus</span> <span class='ocrx_word' id='word_1_366' title='bbox 1688 1939 1870 1979; x_wconf 89' lang='lat' dir='ltr'>Decem-</span> 
     </span>
     <span class='ocr_line' id='line_1_77' title="bbox 1038 1994 1870 2046; baseline -0.006 -7"><span class='ocrx_word' id='word_1_367' title='bbox 1038 1998 1129 2039; x_wconf 92' lang='lat' dir='ltr'>bris</span> <span class='ocrx_word' id='word_1_368' title='bbox 1158 2009 1270 2038; x_wconf 92' lang='lat' dir='ltr'>anno</span> <span class='ocrx_word' id='word_1_369' title='bbox 1299 1996 1530 2037; x_wconf 85' lang='lat' dir='ltr'>millesimo</span> <span class='ocrx_word' id='word_1_370' title='bbox 1565 1994 1870 2046; x_wconf 87' lang='lat' dir='ltr'>octingentesi-</span> 
     </span>
     <span class='ocr_line' id='line_1_78' title="bbox 1038 2050 1869 2103; baseline -0.006 -8"><span class='ocrx_word' id='word_1_371' title='bbox 1038 2067 1111 2094; x_wconf 93' lang='lat' dir='ltr'>mo</span> <span class='ocrx_word' id='word_1_372' title='bbox 1147 2052 1420 2103; x_wconf 88' lang='lat' dir='ltr'>octogesimo</span> <span class='ocrx_word' id='word_1_373' title='bbox 1454 2051 1598 2103; x_wconf 90' lang='lat' dir='ltr'>primo</span> <span class='ocrx_word' id='word_1_374' title='bbox 1628 2050 1672 2090; x_wconf 91' lang='lat' dir='ltr'>in</span> <span class='ocrx_word' id='word_1_375' title='bbox 1700 2051 1869 2091; x_wconf 89' lang='lat' dir='ltr'>sancto-</span> 
     </span>
     <span class='ocr_line' id='line_1_79' title="bbox 1039 2108 1505 2151; baseline -0.006 -1"><span class='ocrx_word' id='word_1_376' title='bbox 1039 2123 1134 2151; x_wconf 89' lang='lat' dir='ltr'>rum</span> <span class='ocrx_word' id='word_1_377' title='bbox 1154 2109 1254 2150; x_wconf 92' lang='lat' dir='ltr'>albo</span> <span class='ocrx_word' id='word_1_378' title='bbox 1274 2108 1505 2150; x_wconf 78' lang='lat' dir='ltr'>recensuit.</span> 
     </span>
    </p>
   </div>
   <div class='ocr_carea' id='block_1_11' title="bbox 1096 2167 1522 2220">
    <p class='ocr_par' dir='ltr' id='par_1_14' title="bbox 1096 2167 1522 2220">
     <span class='ocr_line' id='line_1_80' title="bbox 1096 2167 1522 2220; baseline 0 -12"><span class='ocrx_word' id='word_1_379' title='bbox 1096 2170 1145 2220; x_wconf 73' lang='lat' dir='ltr'>R.</span> <span class='ocrx_word' id='word_1_380' title='bbox 1168 2170 1258 2210; x_wconf 89' lang='lat' dir='ltr'>Iste</span> <span class='ocrx_word' id='word_1_381' title='bbox 1277 2168 1422 2210; x_wconf 91' lang='lat' dir='ltr'>homo.</span> <span class='ocrx_word' id='word_1_382' title='bbox 1441 2167 1522 2220; x_wconf 85' lang='lat'>[72]</span> 
     </span>
    </p>
   </div>
   <div class='ocr_carea' id='block_1_12' title="bbox 1037 2241 1870 2332">
    <p class='ocr_par' dir='ltr' id='par_1_15' title="bbox 1037 2241 1870 2332">
     <span class='ocr_line' id='line_1_81' title="bbox 1090 2241 1870 2284; baseline 0 -8"><span class='ocrx_word' id='word_1_383' title='bbox 1090 2243 1133 2276; x_wconf 88' lang='lat' dir='ltr'>In</span> <span class='ocrx_word' id='word_1_384' title='bbox 1150 2242 1214 2276; x_wconf 83' lang='grc' dir='ltr'><strong>ΙΙΙ.</strong></span> <span class='ocrx_word' id='word_1_385' title='bbox 1232 2242 1342 2275; x_wconf 89' lang='lat' dir='ltr'>Noct.</span> <span class='ocrx_word' id='word_1_386' title='bbox 1368 2241 1539 2274; x_wconf 76' lang='lat' dir='ltr'>nomilia</span> <span class='ocrx_word' id='word_1_387' title='bbox 1562 2241 1601 2273; x_wconf 91' lang='lat' dir='ltr'>in</span> <span class='ocrx_word' id='word_1_388' title='bbox 1618 2241 1763 2284; x_wconf 74' lang='lat' dir='ltr'>Evang.</span> <span class='ocrx_word' id='word_1_389' title='bbox 1788 2241 1870 2276; x_wconf 70' lang='lat' dir='ltr'>sint</span> 
     </span>
     <span class='ocr_line' id='line_1_82' title="bbox 1037 2288 1866 2332; baseline 0 -9"><span class='ocrx_word' id='word_1_390' title='bbox 1037 2288 1168 2324; x_wconf 90' lang='lat' dir='ltr'>lumbi.</span> <span class='ocrx_word' id='word_1_391' title='bbox 1204 2290 1250 2323; x_wconf 91' lang='lat' dir='ltr'>de</span> <span class='ocrx_word' id='word_1_392' title='bbox 1281 2288 1418 2323; x_wconf 90' lang='lat' dir='ltr'>eodem</span> <span class='ocrx_word' id='word_1_393' title='bbox 1445 2288 1590 2322; x_wconf 91' lang='lat' dir='ltr'>Comm.</span> <span class='ocrx_word' id='word_1_394' title='bbox 1623 2290 1649 2322; x_wconf 89' lang='lat' dir='ltr'>l.</span> <span class='ocrx_word' id='word_1_395' title='bbox 1676 2290 1773 2322; x_wconf 90' lang='lat' dir='ltr'>loco.</span> <span class='ocrx_word' id='word_1_396' title='bbox 1796 2289 1866 2332; x_wconf 85' lang='lat'>[74]</span> 
     </span>
    </p>
   </div>
   <div class='ocr_carea' id='block_1_13' title="bbox 1105 2367 1799 2670">
    <p class='ocr_par' dir='ltr' id='par_1_16' title="bbox 1105 2367 1799 2670">
     <span class='ocr_line' id='line_1_83' title="bbox 1303 2367 1672 2422; baseline 0 -11"><span class='ocrx_word' id='word_1_397' title='bbox 1303 2371 1386 2412; x_wconf 90' lang='lat' dir='ltr'>Die</span> <span class='ocrx_word' id='word_1_398' title='bbox 1407 2371 1472 2412; x_wconf 87' lang='lat'>24.</span> <span class='ocrx_word' id='word_1_399' title='bbox 1491 2371 1604 2422; x_wconf 89' lang='lat' dir='ltr'>Maji.</span> <span class='ocrx_word' id='word_1_400' title='bbox 1662 2367 1672 2375; x_wconf 79' lang='lat'><em>&#39;</em></span> 
     </span>
     <span class='ocr_line' id='line_1_84' title="bbox 1201 2438 1698 2489; baseline 0 -10"><span class='ocrx_word' id='word_1_401' title='bbox 1201 2439 1254 2479; x_wconf 89' lang='lat' dir='ltr'>B.</span> <span class='ocrx_word' id='word_1_402' title='bbox 1274 2438 1452 2480; x_wconf 81' lang='lat' dir='ltr'>Mariae</span> <span class='ocrx_word' id='word_1_403' title='bbox 1471 2439 1698 2489; x_wconf 84' lang='lat' dir='ltr'>Virginis</span> 
     </span>
     <span class='ocr_line' id='line_1_85' title="bbox 1345 2496 1593 2537; baseline 0.004 -1"><span class='ocrx_word' id='word_1_404' title='bbox 1345 2496 1426 2537; x_wconf 78' lang='lat' dir='ltr'>sub</span> <span class='ocrx_word' id='word_1_405' title='bbox 1448 2497 1593 2537; x_wconf 84' lang='lat' dir='ltr'>titulo</span> 
     </span>
     <span class='ocr_line' id='line_1_86' title="bbox 1105 2559 1799 2607; baseline -0.006 -5"><span class='ocrx_word' id='word_1_406' title='bbox 1105 2560 1365 2607; x_wconf 76' lang='lat' dir='ltr'>Auxilium</span> <span class='ocrx_word' id='word_1_407' title='bbox 1385 2559 1799 2602; x_wconf 79' lang='lat' dir='ltr'>Christianorum.</span> 
     </span>
     <span class='ocr_line' id='line_1_87' title="bbox 1303 2626 1615 2670; baseline -0.01 -9"><span class='ocrx_word' id='word_1_408' title='bbox 1303 2627 1457 2670; x_wconf 85' lang='lat' dir='ltr'>Duplex</span> <span class='ocrx_word' id='word_1_409' title='bbox 1482 2626 1615 2665; x_wconf 77' lang='lat' dir='ltr'>maius.</span> 
     </span>
    </p>
   </div>
   <div class='ocr_carea' id='block_1_14' title="bbox 1044 2683 1863 2780">
    <p class='ocr_par' dir='ltr' id='par_1_17' title="bbox 1044 2683 1863 2780">
     <span class='ocr_line' id='line_1_88' title="bbox 1100 2683 1863 2727; baseline -0.007 -4"><span class='ocrx_word' id='word_1_410' title='bbox 1100 2690 1237 2723; x_wconf 90' lang='lat' dir='ltr'>Omnia</span> <span class='ocrx_word' id='word_1_411' title='bbox 1267 2692 1307 2722; x_wconf 89' lang='lat' dir='ltr'>ut</span> <span class='ocrx_word' id='word_1_412' title='bbox 1336 2688 1374 2720; x_wconf 88' lang='lat' dir='ltr'>in</span> <span class='ocrx_word' id='word_1_413' title='bbox 1403 2684 1529 2719; x_wconf 83' lang='lat' dir='ltr'>Festis</span> <span class='ocrx_word' id='word_1_414' title='bbox 1560 2683 1599 2716; x_wconf 89' lang='lat' dir='ltr'>B.</span> <span class='ocrx_word' id='word_1_415' title='bbox 1630 2684 1675 2716; x_wconf 82' lang='lat' dir='ltr'>M.</span> <span class='ocrx_word' id='word_1_416' title='bbox 1706 2684 1748 2717; x_wconf 84' lang='lat' dir='ltr'>V.</span> <span class='ocrx_word' id='word_1_417' title='bbox 1771 2683 1863 2727; x_wconf 84' lang='lat'><strong>[133]</strong></span> 
     </span>
     <span class='ocr_line' id='line_1_89' title="bbox 1044 2737 1420 2780; baseline -0.005 -9"><span class='ocrx_word' id='word_1_418' title='bbox 1044 2742 1184 2779; x_wconf 75' lang='lat' dir='ltr'>praetcr</span> <span class='ocrx_word' id='word_1_419' title='bbox 1209 2737 1420 2780; x_wconf 78' lang='lat' dir='ltr'>sequentia.</span> 
     </span>
    </p>
   </div>
   <div class='ocr_carea' id='block_1_15' title="bbox 98 156 1932 2833">
    <p class='ocr_par' dir='ltr' id='par_1_18' title="bbox 98 156 1932 2833">
     <span class='ocr_line' id='line_1_90' title="bbox 98 156 1932 2833; baseline 0 0"><span class='ocrx_word' id='word_1_420' title='bbox 98 156 1932 2833; x_wconf 95' lang='lat' dir='ltr'> </span> 
     </span>
    </p>
   </div>
  </div>
 </body>
</html>
