2040 2976
186 202 284 245 [110]

769 205 980 240 Commune
1006 217 1082 241 non
1108 207 1321 249 Yirginum.

239 299 336 338 Deo
355 297 476 338 Patri
495 297 551 338 sit
568 298 719 348 gloria,

289 352 482 404 Eiusque
503 353 584 394 soli
603 355 727 404 Filio,

292 408 401 449 Cum
417 409 582 462 Spiritu
599 411 830 461 ParaclitQ

288 464 428 514 Nunc,
448 470 492 507 et
510 479 590 518 per
608 480 737 509 omne
757 468 978 510 saeculum.

444 522 599 564 Amen.

237 573 287 625 V.
325 577 497 619 Diffusa
533 585 599 621 est
635 581 775 630 gratia
811 581 855 622 in
892 581 1019 623 labiis

185 633 282 674 tuis.
332 636 382 687 lQ.
424 635 666 687 Propterea
707 636 934 679 benedixit
974 643 1018 680 te

186 690 307 731 Deus
334 690 378 730 in
406 693 631 733 aeternum.

236 747 307 788 Ad
339 748 500 789 Bened.
542 749 641 788 Ant.
685 748 800 791 Date
835 751 874 792 ei
907 751 930 776 *
963 751 1018 792 de

186 802 331 844 fructu
348 805 557 845 manuum
573 807 761 855 suarum,
781 811 825 848 et
839 806 1019 849 laudent

186 871 283 900 eam
300 859 344 899 in
364 860 505 912 portis
526 863 663 913 opera
683 863 784 913 ejus,

287 926 372 964 Pro
403 938 488 965 una
514 925 706 976 Martyre
735 931 914 966 tantum.

523 986 685 1025 Oratio.

183 1036 366 1141 DeuS,
397 1046 470 1097 qui
497 1046 610 1088 inter
635 1049 782 1101 cetera
806 1049 1018 1100 potentiae

289 1107 377 1143 tuae
415 1102 627 1144 miracula
662 1104 795 1144 etiam
828 1104 872 1144 in
909 1117 1018 1146 sexu

184 1158 327 1208 fragili
364 1159 594 1200 victoriam
631 1160 828 1212 martyrii
867 1166 1018 1202 contu—

184 1214 286 1255 listi:
333 1214 528 1256 concede
570 1216 804 1268 propitius3
853 1221 902 1258 ut
943 1218 1018 1270 qui

183 1270 328 1312 beatae
362 1270 413 1310 N.
450 1271 656 1324 Martyris
695 1277 783 1313 tuae
821 1273 1018 1315 natalitia

185 1326 387 1376 colimus,
423 1340 504 1380 per
538 1329 628 1380 ejus
658 1328 715 1370 ad
742 1334 786 1370 te
815 1329 1017 1383 exempla

183 1383 446 1432 gradiamur.
483 1385 567 1426 Per
592 1385 843 1427 Dominum.

211 1446 293 1485 Pro
314 1445 511 1496 pluribus
534 1446 797 1498 Martyribus
818 1453 998 1488 tantum.

518 1507 680 1547 Oratio.

273 1575 298 1603 a
343 1563 488 1613 nobis,
535 1566 789 1615 quaesumus
827 1565 1017 1608 Domine

290 1619 412 1660 Deus
435 1625 601 1670 noster,
630 1623 882 1662 sanctarum
905 1622 1017 1663 Mar-

183 1680 329 1726 tyrum
350 1677 525 1717 tuarum
549 1676 600 1715 N.
622 1682 665 1718 et
686 1676 738 1716 N.
762 1678 933 1746 palmas
955 1679 1017 1719 in-

184 1730 390 1772 cessabili
430 1731 668 1775 devotione
708 1735 928 1776 venerari:
969 1740 1018 1776 ut

185 1800 294 1839 quas
327 1787 459 1839 digna
491 1794 637 1831 mente
666 1803 754 1831 non
781 1792 1017 1843 possumus

184 1842 426 1894 celebrare,
467 1845 704 1887 humilibus
740 1847 896 1888 saltem
936 1847 1017 1889 fre-

185 1901 445 1951 quentemus
465 1901 700 1954 obsequiis.
737 1903 822 1944 Per
841 1904 969 1944 Dnm.

238 1962 321 2001 Pro
348 1975 427 2002 nee
448 1963 501 2002 V
492 1963 627 2011 irgine
655 1977 734 2004 nee
760 1964 963 2016 Martyre.

521 2023 686 2064 Oratio.

185 2072 398 2176 Exaudi
412 2091 493 2119 nos
503 2079 626 2120 Deus
640 2079 842 2122 salutaris
853 2086 1018 2123 noster:

272 2138 328 2182 ut,
349 2134 463 2175 sieut
481 2134 536 2176 de
555 2135 699 2177 beatae
716 2138 767 2178 N.
780 2137 1017 2180 festivitate

184 2189 441 2239 gaudemus3
465 2191 525 2232 ita
549 2192 634 2244 piae
654 2193 901 2236 devotionis
924 2207 1017 2236 eru—

185 2245 358 2287 diamur
377 2246 547 2289 affeetu.
574 2249 659 2290 Per
675 2250 925 2292 Dominum.

456 2312 524 2348 Ad
547 2312 750 2351 Tertiam.

239 2364 337 2403 Ant.
366 2366 418 2404 In
437 2364 633 2406 odorem.

345 2426 430 2465 Pro
460 2424 651 2476 Martyre
681 2433 860 2467 tantum.

237 2485 496 2537 Capitulum.
527 2486 794 2529 Confitebor.
813 2489 925 2541 [109]

239 2547 322 2585 l’ro
348 2559 427 2586 nee
455 2546 631 2593 Virgine
656 2561 735 2587 nce
762 2549 963 2600 Martyre.

242 2607 426 2658 Capitul.
460 2606 685 2648 Mulierem
709 2608 880 2649 fortem.
904 2609 1016 2662 [109]

238 2665 287 2716 lQ.
309 2664 371 2704 br.
398 2662 554 2715 Specie
572 2668 647 2705 tua
664 2666 685 2688 *
702 2664 758 2705 Et
777 2664 1015 2716 pulchritu-

185 2718 287 2760 dine
308 2723 393 2760 tua.
424 2719 591 2772 Specie.
624 2716 673 2767 Υ.
697 2719 897 2771 Intende,
916 2723 1015 2774 pro-

1072 312 1200 352 spere
1219 299 1431 352 procede,
1457 304 1501 341 et
1523 312 1670 350 regna.
1701 300 1768 342 Et.
1804 300 1904 342 Glo-

1073 356 1135 396 ria
1153 356 1284 397 Patri.
1311 356 1481 409 Specie.

1126 407 1176 458 V.
1215 411 1455 463 Adiuvabit
1490 425 1588 454 eam
1624 412 1746 454 Deus
1782 413 1906 455 vultu

1073 482 1164 510 suo.
1208 469 1258 520 lQ.
1283 469 1405 510 Deus
1433 469 1477 509 in
1506 468 1653 511 medio
1683 469 1790 520 61118,
1816 482 1904 510 11011

1073 525 1433 567 commovebitur.

1348 595 1416 631 Ad
1442 594 1630 632 Sextam.

1126 652 1224 692 Ant.
1253 653 1347 693 Jam
1367 652 1507 694 hiems
1527 653 1711 694 transiit.

1237 719 1319 757 l'ro
1347 718 1540 770 Martyre
1568 723 1750 759 tantum.

1177 778 1437 830 Capitulum.
1592 779 1723 820 Eceli.
1743 781 1802 820 51.

1071 834 1332 940 Liberasti
1356 853 1426 881 me
1451 839 1694 882 seeundum
1714 841 1905 884 multitu-

1173 896 1320 938 dinem
1363 896 1680 938 misericordiae
1717 898 1906 940 nominis

1070 952 1148 1005 tui,
1166 966 1192 994 a
1223 953 1514 1004 rugientibus,
1552 954 1816 1006 praeparatis
1849 954 1906 996 ad

1071 1021 1236 1059 escam,
1283 1009 1339 1051 de
1375 1009 1578 1051 manibus
1615 1011 1906 1062 quaerentium

1072 1065 1262 1107 animam
1280 1079 1439 1116 meam,
1464 1070 1508 1107 et
1528 1065 1583 1108 de
1603 1066 1752 1108 multis
1771 1067 1906 1108 tribu-

1071 1121 1307 1163 lationibus
1319 1135 1418 1174 quae
1430 1122 1815 1165 circumdederunt
1824 1136 1906 1165 me.

1133 1192 1219 1232 Pro
1240 1206 1320 1233 nee
1340 1193 1521 1243 Virgine
1542 1207 1622 1234 nee
1643 1194 1845 1246 Martyre.

1177 1252 1437 1305 Capitulum.
1551 1255 1678 1295 Prov.
1694 1256 1752 1295 31.
1769 1267 1802 1295 c.

1071 1304 1311 1410 Manum
1340 1323 1464 1352 suam
1492 1312 1665 1364 aperuit
1692 1313 1834 1366 inopi,
1863 1318 1907 1355 et

1193 1367 1363 1420 palmas
1384 1380 1486 1409 suas
1506 1368 1706 1410 extendit
1725 1369 1782 1411 ad
1801 1373 1907 1422 pau-

1070 1437 1234 1476 perem.
1269 1423 1373 1465 Non
1397 1423 1570 1466 timebit
1594 1424 1744 1467 domui
1768 1438 1860 1467 suae
1881 1438 1906 1467 a

1071 1479 1306 1531 frigoribus
1326 1480 1449 1521 nivis.

1124 1541 1174 1590 lQ.
1210 1540 1271 1580 br.
1316 1541 1556 1593 Adjuvabit
1593 1554 1690 1583 eam
1726 1543 1750 1567 *
1782 1542 1906 1585 Deus

1070 1582 1194 1639 vultu
1223 1611 1315 1639 suo.
1342 1597 1593 1649 Adjuvabit.
1634 1591 1685 1643 V
1710 1599 1833 1640 Deus
1860 1599 1906 1640 in

1070 1653 1217 1695 medio
1255 1654 1365 1705 ejuS,
1411 1666 1499 1695 non
1542 1653 1906 1696 commovebitur.

1070 1710 1201 1751 Deus.
1237 1710 1389 1751 Gloria
1409 1704 1542 1751 Patri.
1576 1709 1828 1763 Adiuvabit.

1126 1759 1174 1811 Υ.
1201 1766 1345 1816 Elegit
1370 1779 1467 1807 eam
1490 1766 1628 1816 DeuS‚
1658 1771 1702 1808 et
1724 1767 1905 1820 praeele-

1069 1822 1133 1873 git
1152 1835 1261 1864 eam.
1288 1822 1339 1873 IQ.
1356 1823 1408 1863 In
1425 1822 1712 1865 tabernaculo
1733 1835 1812 1864 suo
1831 1823 1904 1865 ha-

1070 1878 1214 1920 bitare
1233 1879 1338 1921 facit
1357 1892 1466 1921 eam.

1353 1954 1420 1990 Ad
1444 1953 1630 1990 Nonam.

1126 2008 1226 2048 Ant.
1255 2009 1344 2051 Ista
1364 2014 1432 2051 est
1451 2010 1665 2063 speciosa.

1237 2074 1318 2113 Pro
1348 2073 1541 2124 Martyre
1570 2078 1751 2114 tantum.

1179 2133 1439 2185 Capitulum.
1590 2134 1722 2174 Eecli.
1742 2134 1800 2175 51.

1134 2194 1317 2237 audabit
1344 2208 1484 2248 usque
1514 2195 1571 2236 ad
1598 2200 1788 2238 mortem
1816 2196 1904 2238 3111-

1165 2264 1237 2292 ma
1274 2264 1373 2294 mea
1399 2252 1657 2300 Dominum,
1695 2252 1904 2304 queniam

1070 2307 1185 2349 eruis
1205 2308 1470 2349 sustinentes
1489 2313 1549 2358 te,
1575 2312 1618 2350 et
1641 2307 1803 2350 liberas
1825 2321 1903 2351 eos

1070 2363 1125 2405 de
1149 2377 1282 2406 manu
1306 2365 1538 2415 angustiae,
1566 2364 1757 2407 Domine
1781 2365 1903 2407 Deus

1069 2425 1230 2462 noster.

1124 2489 1208 2529 l’ro
1235 2502 1314 2528 nec
1335 2489 1514 2537 Virgine
1542 2504 1620 2530 nee
1648 2490 1851 2541 Martyre.

1176 2549 1436 2600 Capitulum.
1544 2551 1669 2591 Prov.
1685 2552 1742 2590 31.
1759 2550 1797 2591 d.
1838 2587 1846 2595 .

1174 2610 1278 2652 ultae
1306 2610 1410 2652 fssiae
1435 2612 1815 2662 congregaverunt
1839 2610 1900 2653 di-

1191 2667 1336 2708 vitias:
1361 2672 1410 2708 tu
1433 2669 1719 2720 supergressa
1742 2679 1790 2709 es
1809 2667 1900 2708 uni-
1932 2674 1942 2682 “

1068 2724 1229 2764 versas.
1266 2722 1419 2764 Fallax
1443 2724 1599 2775 gratia,
1627 2728 1671 2766 et
1694 2735 1807 2765 vana
1832 2729 1900 2766 est
