2040 2976
797 221 997 254 Dominica
1025 222 1080 254 ὃς.
1106 220 1318 254 Trinitatis

202 325 323 366 Filio.
363 323 518 365 Nullus
546 322 705 364 horum
733 327 857 364 extra
887 323 1031 374 quem-

202 381 308 423 libet
326 380 521 432 ipsorum
539 384 619 421 est:
640 379 740 431 quia
754 391 883 420 nemo
901 377 1032 418 alium

203 443 275 478 aut
294 435 506 489 praecedit
525 436 786 485 aeternitate,
814 439 889 476 aut
908 435 1031 475 exce-

203 493 266 534 dit
293 491 605 543 magnitudine,
639 496 714 533 aut
746 493 927 543 superat
955 503 1030 542 po-

201 550 375 590 testate:
405 548 506 600 quia
525 560 607 589 nec
626 547 747 597 Filio,
768 559 850 588 nec
869 547 1031 599 Spiritu

201 610 368 654 sancto,
407 609 615 656 quantum
644 603 701 645 ad
728 606 898 645 naturae
926 602 1030 644 divi-

200 674 267 702 nae
286 661 497 702 unitatem
515 660 715 712 pertinet,
735 665 809 701 aut
829 659 1030 707 anterior,

201 722 275 759 aut
302 717 439 769 major
465 717 597 758 Pater
626 721 707 758 est:
740 729 822 757 nec
850 715 948 756 Filii
975 727 1030 755 ae-

199 774 397 823 ternitas,
430 778 562 825 atque
590 772 875 822 immensitas,
912 771 1031 813 velut

200 830 408 879 anterior,
436 835 511 871 aut
538 829 692 881 major,
719 829 907 881 Spiritus
936 841 1030 869 san-

201 887 259 928 cti
286 886 622 927 immensitatem
651 885 1030 937 aeternitatemque

126 984 133 990 ,
200 948 275 984 aut
302 942 570 995 praecedere,
603 947 678 984 aut
702 941 926 997 ,excedere
958 954 1030 982 na-

199 1000 397 1042 turaliter
424 1004 583 1052 potest.

260 1064 305 1113 Ry-
334 1064 518 1115 Magnus
546 1063 775 1113 Dominus,
812 1068 855 1104 et
883 1062 1029 1104 lauda-

200 1121 299 1163 bilis
336 1121 477 1161 nimis:
515 1119 537 1141 *
574 1120 630 1162 Et
671 1119 898 1178 sapientiae
941 1120 1031 1172 ejus

200 1191 287 1219 non
317 1182 383 1219 est
410 1180 626 1218 numerus.
668 1175 713 1220 δ’.
739 1176 923 1227 Magnus
942 1175 1031 1217 Do-

200 1234 354 1284 minus,
374 1239 418 1275 et
436 1246 595 1284 magna
616 1233 752 1275 virtus
773 1233 877 1285 ejus:
903 1237 947 1274 et
966 1245 1030 1273 sa-

199 1291 375 1343 pientiae
405 1290 495 1342 ejus
523 1303 611 1332 non
640 1294 708 1331 est
735 1289 844 1330 finis.
881 1290 938 1331 Et
966 1302 1030 1330 sa-

199 1347 386 1399 pientiae.
416 1345 568 1388 Gloria
586 1346 716 1388 Patri.
744 1347 810 1388 Et.

424 1422 472 1460 In
491 1422 561 1460 111.
582 1421 805 1460 Nocturno.

255 1491 353 1529 Ant.
394 1489 567 1532 Caritas
601 1490 733 1532 Pater
769 1496 852 1541 est,
890 1492 1032 1542 gratia

201 1545 346 1594 Filius,
374 1546 711 1588 communicatio
730 1547 916 1600 Spiritus
937 1561 1031 1589 san-

202 1607 313 1651 ctus,
342 1615 369 1644 o
393 1602 525 1645 beata
545 1603 746 1645 Trinitas.

472 1668 670 1707 Psalmus
690 1669 756 1708 Οἵ).

208 1738 467 1794 ᾗῖέ,;ῑ;”ειῐῑῒε1ῒε>,
491 1733 682 1775 Domino
712 1735 929 1777 canticum
957 1748 1031 1777 no-

207 1823 218 1843 4
229 1786 314 1847 ngss
337 1803 453 1831 vum:
464 1790 487 1815 *
499 1792 672 1832 cantate
683 1791 875 1833 Domino
892 1793 1032 1833 omnis

253 1852 299 1867 *²
336 1852 463 1888 terra.

257 1902 438 1944 Cantate
466 1903 671 1953 Domino,
707 1908 751 1945 et
783 1903 1029 1947 benedicite

203 1959 367 2000 nomini
399 1961 503 2011 ejus:
531 1962 554 1987 *
582 1961 835 2003 annuntiate
870 1961 926 2003 de
959 1962 1030 2004 die

203 2015 246 2055 in
275 2014 390 2056 diem
420 2015 611 2058 salutare
640 2017 741 2069 ejus.

255 2071 524 2114 Annuntiate
539 2073 650 2115 inter
666 2073 833 2116 Gentes
847 2074 1033 2125 gloriam

204 2128 310 2179 ejus,
338 2130 362 2155 *
389 2128 434 2169 in
462 2129 663 2171 omnibus
695 2130 873 2183 pupulis
906 2132 1032 2172 mira-

202 2183 306 2225 bilia
332 2185 434 2236 ejus.

255 2241 471 2290 Quoniam
504 2255 686 2294 magnus
719 2243 952 2294 Dominus,
990 2250 1034 2287 et

203 2296 434 2338 laudubilis
475 2298 616 2340 nimis:
655 2300 679 2325 *
719 2300 926 2342 terribilis
967 2307 1034 2344 est

203 2366 335 2406 super
363 2366 515 2396 omnes
543 2355 663 2397 deos.

256 2410 471 2459 Quoniam
519 2424 670 2453 omnes
719 2412 778 2454 dii
826 2413 1034 2455 Gentium

204 2464 434 2507 daemonia:
451 2467 474 2492 *
493 2468 707 2510 Dominus
727 2474 873 2511 autem
895 2469 1033 2511 coelos

203 2522 316 2563 fecit.

256 2578 494 2630 Confessio,
517 2586 560 2622 et
579 2581 862 2634 pulchritudo
879 2582 923 2623 in
941 2595 1035 2624 con-

205 2636 359 2687 spectu
388 2637 492 2686 ejus:
511 2638 535 2662 *
560 2639 846 2680 sanctimonia
875 2643 919 2680 et
946 2651 1033 2679 ma·

204 2691 452 2740 gnificentia
484 2693 528 2733 in
561 2695 904 2736 sanctificatione
933 2695 1034 2747 ejus.

257 2747 423 2790 Afferte
437 2748 628 2791 Domino
644 2751 800 2802 patriae
817 2750 1034 2802 Gentium,

1086 319 1239 361 afferte
1267 318 1459 360 D6mino
1493 318 1679 370 gloriam
1712 324 1756 360 et
1783 319 1918 360 hono-

1086 389 1194 417 rem:
1212 375 1236 401 *
1255 374 1408 417 afferte
1427 374 1620 416 D6mino
1639 374 1826 426 gloriam
1843 376 1918 416 no-

1086 431 1190 472 mini
1218 432 1319 484 ejus.

1138 488 1299 530 Tollite
1339 487 1526 537 hostiae„
1569 493 1614 530 et
1656 488 1834 530 introite
1874 487 1919 528 in

1086 545 1197 587 atria
1223 546 1328 597 ejus:
1357 547 1380 572 *
1409 544 1593 587 adorate
1610 545 1849 586 Dominum
1874 544 1919 585 in

1086 602 1198 643 atrio
1227 607 1381 644 sancto
1412 602 1514 654 ejus.

1138 658 1481 700 Commoveatur
1512 671 1537 700 a
1571 658 1683 700 facie
1711 658 1802 710 ejus
1830 657 1919 699 uni-

1085 717 1214 756 versa
1245 720 1380 757 terra:
1407 717 1431 743 *
1459 715 1592 757 dicite
1624 715 1669 755 in
1701 713 1918 756 Gentibus

1086 772 1188 824 quia
1214 772 1430 814 Dominus
1458 772 1669 823 regnavit.

1137 828 1311 870 Etenim
1355 829 1548 871 correxit
1588 827 1743 870 orbem
1787 832 1920 870 terrae

1087 884 1160 937 qui
1191 897 1281 926 non
1313 884 1679 927 commovebitur:
1706 885 1730 911 *
1758 883 1919 937 judica-

1084 941 1149 983 bit
1174 942 1367 994 populos
1395 942 1439 983 in
1466 942 1686 994 aequitate.

1135 998 1362 1041 Laetentur
1390 998 1511 1048 coeli,
1545 1005 1590 1040 et
1619 997 1810 1040 exsultet
1835 1002 1920 1039 ter-

1084 1067 1152 1105 ra,
1187 1058 1519 1098 commoveatur
1545 1067 1683 1106 mare,
1715 1059 1760 1097 et
1785 1053 1921 1107 pleni—

1084 1111 1194 1154 tudo
1238 1113 1348 1164 ejus:
1394 1114 1418 1140 *
1462 1111 1717 1164 gaudebunt
1760 1110 1921 1164 campi,

1086 1174 1130 1211 et
1158 1170 1303 1211 omnia
1332 1182 1432 1222 quae
1458 1169 1504 1210 in
1531 1169 1594 1211 eis
1623 1173 1735 1210 sunt.

1136 1226 1262 1268 Tunc
1299 1226 1582 1268 exsultabunt
1621 1225 1768 1267 Omnia
1803 1223 1922 1276 ligna

1085 1282 1295 1324 silvarum
1323 1296 1349 1324 a
1372 1283 1484 1325 facie
1502 1282 1699 1332 D6mini,
1729 1281 1832 1335 quia
1849 1294 1920 1323 ve-

1084 1340 1162 1381 nit:
1180 1341 1205 1367 *
1234 1339 1441 1392 quoniam
1468 1339 1588 1381 venit
1615 1338 1809 1391 judicare
1836 1342 1920 1380 ter-

1085 1409 1191 1438 ram.

1137 1453 1162 1494 J
1164 1452 1361 1495 udicabit
1389 1452 1543 1495 orbem
1569 1457 1701 1494 terrae
1724 1451 1769 1492 in
1788 1449 1921 1504 aequi-

1084 1511 1187 1559 tate,
1208 1511 1232 1537 *
1255 1515 1299 1552 et
1324 1509 1518 1563 populos
1545 1509 1590 1550 in
1617 1508 1804 1550 veritate
1830 1520 1921 1548 sua.

1140 1573 1240 1614 Ant.
1271 1575 1446 1616 Caritas
1481 1575 1615 1616 Pater
1652 1578 1737 1624 est,
1779 1573 1922 1624 gratia

1084 1630 1236 1682 Filius,
1259 1631 1599 1673 communicatio
1619 1630 1807 1684 Spiritus
1825 1642 1920 1670 san-

1086 1692 1193 1738 ctus,
1222 1701 1248 1730 o
1267 1687 1400 1730 beata
1418 1687 1622 1730 Trinitas.

1138 1748 1238 1791 Ant.
1282 1750 1427 1795 Verax
1464 1758 1532 1795 est
1567 1753 1718 1803 Pater,
1758 1752 1921 1794 veritas

1084 1808 1236 1859 Filius,
1265 1810 1427 1853 veritas
1455 1810 1642 1863 Spiritus
1671 1814 1864 1860 sanctus,
1892 1821 1920 1851 o

1084 1865 1218 1908 beata
1245 1866 1450 1909 Trinitas.

1355 1948 1557 1989 Psalmus
1586 1948 1653 1988 96.

1177 2018 1348 2060 ominus
1376 2018 1591 2069 regnavit,
1621 2018 1812 2061 exsultet
1836 2023 1921 2061 ter-

1182 2088 1244 2116 ra:
1262 2075 1286 2101 *
1305 2074 1510 2117 laetentur
1536 2075 1691 2116 insulae
1718 2075 1881 2117 multae.

1138 2131 1302 2181 NubeS,
1325 2136 1369 2173 et
1388 2131 1530 2182 caligo
1549 2132 1594 2172 in
1613 2132 1798 2174 circuitu
1815 2132 1921 2184 ejus:

1086 2187 1307 2286 {justitia
1328 2192 1372 2230 et
1390 2187 1598 2240 judicium
1617 2189 1835 2231 correctio
1855 2201 1919 2230 se-

1117 2257 1386 2353 lSIgeiiilsSante
1413 2301 1558 2355 ipsum
1578 2302 1814 2356 praecedet,
1834 2302 1858 2328 *
1877 2307 1922 2345 et

1086 2357 1375 2423 inflammabit
1414 2359 1458 2400 in
1498 2359 1682 2402 circuitu
1720 2360 1920 2401 inimicos

1087 2426 1382 2513 elliiluxerunt
1404 2471 1576 2523 fulgura
1605 2473 1697 2525 ejus
1716 2472 1820 2514 orbi·
1836 2477 1920 2514 ter-

1087 2539 1164 2568 rae:
1183 2528 1206 2553 *
1226 2527 1351 2578 vidit,
1380 2534 1424 2570 et
1452 2531 1674 2570 commota
1702 2534 1770 2571 est
1791 2533 1920 2571 terra.

1138 2584 1329 2634 Montes,
1367 2585 1480 2627 sicut
1513 2599 1615 2628 cera
1648 2586 1868 2628 fluxerunt
1894 2598 1921 2627 a

1087 2640 1198 2682 facie
1238 2641 1431 2683 Domini:
1465 2643 1489 2668 *
1522 2655 1548 2683 a
1588 2642 1700 2684 facie
1740 2641 1919 2684 Domini

1088 2697 1228 2738 omnis
1255 2702 1383 2739 terra.
1791 2700 1793 2702 ’

1139 2753 1520 2797 Annuntiaverunt
1565 2754 1667 2797 coeli
1711 2755 1920 2807 justitiam
