2040 2976
691 236 762 270 Die
790 236 838 270 16.
863 237 961 279 Aug.
1008 236 1042 271 S.
1066 237 1188 271 Rochi
1214 237 1321 271 Conf.

1761 233 1852 277 [345]

152 331 384 381 nubentur,
417 335 546 373 erunt
573 332 685 374 sicut
711 331 870 383 Angeli
895 331 979 373 Dei

152 389 196 429 in
228 387 354 431 coelo.
394 386 537 429 Nemo
570 400 675 440 ergo
709 388 907 438 miretur,
943 388 980 429 si

153 444 334 497 Angelis
359 445 687 496 comparentur,
713 457 812 496 quae
835 445 978 496 Ange-

152 501 296 543 lorum
313 500 503 542 Domino
524 501 795 554 copulantur.

208 559 259 612 R.
273 556 524 599 Afferentur
543 558 666 608 Regi.
685 558 760 610 [91]

208 623 252 657 In
274 623 339 657 111.
363 623 562 657 Nocturno
588 622 758 657 Homilia
782 624 819 657 in
837 625 981 668 Evang.

157 670 287 706 Simile
304 670 386 706 erit.
402 671 448 705 de
468 671 603 705 eodem
622 671 727 705 Corn.
746 672 773 705 1.
791 672 888 707 loco.
910 667 980 716 [93]

208 719 341 754 Lectio
375 720 425 753 ix.
460 719 506 753 dc
542 720 598 753 Ss.
633 719 810 754 Tiburtio
847 726 883 755 et
916 721 982 756 Su-

158 778 289 804 sanna.
307 766 397 802 500.

208 817 255 851 Et
283 816 324 849 fit
353 825 486 849 comm.
511 814 590 849 Oct.
617 815 651 849 S.
676 816 889 852 Laurentii.
921 818 982 851 de-

158 865 246 899 inde
273 863 328 898 Ss.
354 863 461 897 Mart.
485 863 653 897 Tiburtii
679 868 745 897 etc.
772 864 809 897 in
834 864 951 899 Laud.

376 947 460 989 Die
479 948 538 988 16.
559 947 758 998 Augusti.

306 1011 349 1053 S.
367 1011 527 1053 Rochi
551 1012 837 1052 Confessoris.

490 1072 653 1116 Duplex.

212 1128 349 1164 Omnia
370 1128 416 1162 de
435 1128 639 1162 Communi
655 1128 763 1162 Conf.
782 1139 857 1162 non
876 1129 983 1163 Pont.

156 1177 225 1220 [67]
252 1180 392 1220 praeter
416 1176 626 1219 sequentia.

492 1228 654 1269 Oratio.

240 1285 422 1338 opulum
448 1290 588 1336 tuum,
619 1287 869 1338 quaesumus
894 1284 981 1326 Do-

250 1342 379 1391 mine,
395 1344 602 1384 continua
615 1342 780 1395 pietate
797 1341 982 1383 custodi:

156 1404 200 1442 et
213 1398 333 1441 beati
346 1398 490 1441 Rochi
505 1397 845 1450 suffragantibus
858 1398 982 1439 meri-

154 1456 226 1506 tis,
245 1455 300 1497 ab
321 1455 440 1497 omni
457 1455 527 1497 fac
546 1455 702 1496 animae
722 1460 765 1496 et
784 1454 982 1507 corporis

156 1513 417 1564 contagione
436 1515 650 1554 securum.
690 1512 774 1553 Per
793 1512 918 1552 Dfim.

208 1577 253 1611 In
281 1576 309 1611 I.
340 1576 540 1611 Nocturno
572 1576 777 1611 Lectiones
810 1576 856 1610 de
887 1576 984 1611 Scri-

158 1629 271 1669 ptura
295 1629 527 1660 occurrente.

394 1687 443 1726 In
461 1687 512 1726 11.
531 1686 753 1726 Nocturno.

457 1748 610 1789 Lectio
633 1748 686 1788 iv.

166 1811 219 1857 φ
243 1797 438 1859 ochus,
480 1798 525 1839 in
561 1803 710 1840 monte
741 1798 983 1840 Pessulano

194 1854 268 1915 ssi?
299 1860 443 1904 natus,
473 1860 637 1907 quanta
663 1855 708 1896 in
735 1855 983 1908 proximum

172 1913 235 1935 ²³³
262 1909 267 1924 ³
301 1911 484 1953 caritate
512 1912 737 1962 flagraret,
769 1916 863 1953 tum
894 1914 982 1953 ma-

156 1968 272 2009 xime
291 1967 497 2018 ostendit,
517 1981 628 2017 cum,
649 1968 891 2009 saevissima
909 1981 981 2020 pe-

156 2029 223 2066 ste
241 2024 372 2076 longe
390 2024 566 2077 lateque
584 2038 664 2077 per
677 2025 850 2067 Italiam
863 2037 981 2076 gras-

155 2082 290 2132 sante,
316 2081 461 2134 patria
479 2081 643 2131 relicta,
667 2081 867 2122 Italicam
886 2093 980 2133 per-

156 2138 472 2188 egrinationem
508 2138 719 2191 suscepit,
760 2137 982 2189 urbesque

155 2199 199 2237 et
231 2194 397 2248 oppida
428 2197 687 2248 peragrans,
719 2197 912 2247 seipsum
938 2195 981 2235 in

155 2252 464 2302 aegrotantium
511 2251 774 2304 obsequium
817 2251 979 2303 impen-

156 2307 277 2358 dere,
303 2309 580 2361 animamque
600 2321 723 2350 suam
742 2320 824 2361 pro
843 2307 982 2349 fratri-

155 2363 238 2405 bus
268 2366 436 2417 ponere
466 2378 555 2406 non
586 2364 812 2407 dubitavit.
853 2362 983 2414 Quod

155 2419 276 2462 beati
307 2420 390 2463 viri
423 2420 617 2463 studium
650 2433 780 2473 quam
812 2425 984 2471 gratum

155 2477 252 2518 Deo
273 2477 421 2526 fuerit,
449 2478 570 2519 miris
590 2476 890 2519 sanationibus
910 2475 981 2517 de-

156 2532 369 2575 claratum
387 2539 466 2575 est.
495 2534 755 2587 Complures
778 2533 891 2574 enim
909 2545 982 2584 pe-

156 2588 348 2631 stilentia
365 2590 552 2632 infectos
573 2603 596 2631 e
616 2589 770 2631 mortis
785 2588 982 2641 periculo

156 2645 280 2696 signo
301 2647 442 2688 crucis
463 2646 633 2699 eripuit,
654 2651 698 2687 et
715 2648 898 2695 integrae
919 2657 982 2685 sa-

155 2702 283 2744 nitati
308 2703 510 2745 restituit.
548 2704 599 2744 In
625 2702 812 2755 patriam
842 2702 983 2742 rever-

156 2771 247 2807 sus,
290 2758 526 2801 virtutibus
563 2764 606 2800 et
641 2758 808 2799 meritis
847 2757 983 2806 dives,

1031 331 1305 373 sanctissime
1330 330 1455 380 obiit,
1483 331 1663 382 ejusque
1688 329 1854 371 obitum

1031 388 1179 429 statim
1205 387 1439 428 subsecuta
1465 391 1531 428 est
1555 386 1779 428 veneratio
1807 385 1853 426 fi-

1032 444 1209 493 delium,
1238 456 1336 496 quae
1363 443 1408 484 in
1435 441 1756 484 Constantiensi
1783 441 1854 483 de·

1031 498 1133 541 inde
1172 499 1356 541 concilio
1395 512 1598 549 magnum
1634 500 1854 550 recepisse

1033 555 1190 598 dicitur
1208 556 1536 605 incrementum,
1563 568 1662 596 cum
1681 554 1738 596 ad
1756 566 1855 606 pro-

1031 611 1293 665 pulsandam
1324 612 1597 662 ingruentem
1625 611 1741 652 luem
1767 611 1854 652 Ro-

1033 669 1103 711 chi
1133 668 1278 719 imago
1313 668 1496 709 solemni
1526 680 1706 720 pompa,
1739 667 1857 708 omni

1033 725 1269 767 comitante
1286 724 1463 777 populo,
1481 737 1561 776 per
1580 723 1781 766 eamdem
1801 723 1856 764 ci-

1032 782 1229 831 vitatem,
1258 781 1477 833 episcopis
1497 779 1856 833 approbantibus,

1033 843 1100 880 est
1119 837 1277 880 delata.
1315 837 1470 889 Itaque
1497 838 1587 889 ejus
1613 836 1755 879 cultus
1780 836 1856 876 mi-

1032 895 1153 937 rifice
1181 896 1452 948 propagatus
1485 899 1551 935 est
1580 894 1624 934 in
1651 893 1856 934 universo

1032 955 1249 994 terrarum
1277 951 1402 1000 orbe,
1435 951 1510 1002 qui
1541 949 1743 991 eumdem
1774 948 1858 990 sibi

1033 1008 1152 1061 apud.
1166 1009 1310 1049 Deum
1327 1007 1538 1049 adversus
1558 1006 1858 1056 contagiosam

1032 1065 1149 1106 luem
1192 1066 1426 1117 patronum
1470 1063 1674 1114 religioso
1711 1060 1857 1103 studio

1034 1122 1274 1174 adoptavit.
1332 1121 1499 1171 Quibus
1533 1120 1736 1161 accurate
1763 1131 1857 1170 per-

1034 1178 1198 1230 pensis,
1222 1178 1427 1220 Urbanus
1452 1178 1636 1218 octavus
1655 1174 1858 1215 Pontifex

1034 1234 1268 1284 Maximus,
1292 1239 1340 1276 ut
1363 1235 1453 1285 ejus
1473 1233 1568 1274 dies
1587 1232 1725 1274 festus
1745 1231 1798 1271 iis
1815 1231 1858 1270 in

1034 1291 1161 1341 locis,
1203 1291 1247 1331 in
1285 1290 1443 1342 quibus
1480 1290 1623 1330 forent
1660 1287 1858 1329 ecclesiae

1036 1348 1176 1389 sancti
1201 1347 1343 1389 Rochi
1368 1347 1542 1388 nomine
1567 1346 1663 1387 Deo
1691 1344 1858 1392 dicatae,

1037 1403 1193 1445 Officio
1223 1403 1521 1445 ecclesiastico
1554 1401 1858 1448 celebraretur,

1035 1455 1225 1497 indulsit.

1091 1532 1142 1583 R.
1169 1527 1415 1568 Honestum
1440 1524 1541 1566 fecit
1565 1523 1686 1564 illum
1712 1522 1858 1563 Domi·

1036 1597 1133 1633 nus,
1153 1588 1197 1625 et
1216 1581 1453 1624 custodivit
1472 1594 1571 1623 eum
1590 1580 1644 1621 ab
1663 1578 1858 1627 inimicis,

1037 1645 1081 1682 et
1106 1653 1132 1681 a
1160 1638 1465 1681 seductoribus
1490 1637 1650 1678 tutavit
1673 1635 1808 1676 illum:
1839 1644 1861 1667 *

1036 1697 1094 1738 Et
1125 1695 1247 1737 dedit
1276 1695 1338 1736 illi
1371 1694 1613 1736 claritatem
1643 1693 1861 1734 aeternam.

1040 1750 1090 1802 V.
1117 1753 1289 1794 Justum
1321 1750 1503 1793 deduxit
1534 1749 1747 1791 Dominus
1781 1760 1861 1800 per

1036 1810 1129 1851 vias
1148 1814 1302 1858 rectas,
1326 1814 1369 1850 et
1388 1806 1580 1849 ostendit
1602 1805 1662 1846 illi
1681 1816 1860 1855 regnum

1035 1867 1129 1907 Dei.
1157 1865 1215 1907 Et
1233 1864 1364 1907 dedit.

1039 1948 1103 1987 Ex
1122 1945 1333 1985 Tractatu
1352 1941 1491 1983 sancti
1509 1939 1741 1991 Augustini
1759 1938 1859 1990 Epi-

1120 2000 1243 2053 scopi
1261 2000 1304 2040 in
1323 1998 1568 2051 Epistolam
1586 1997 1611 2038 J
1614 1995 1777 2038 oannis.

1263 2069 1387 2103 Tract.
1403 2069 1432 2102 5.
1455 2068 1493 2101 in
1512 2078 1592 2111 cap.
1610 2068 1639 2101 3.

1343 2130 1494 2170 Lectio
1514 2143 1551 2169 v.

1039 2190 1283 2296 Perfecta
1308 2192 1393 2233 ista
1418 2191 1577 2232 caritas
1604 2194 1688 2239 est,
1714 2194 1762 2231 ut
1786 2201 1859 2241 pa-

1131 2252 1251 2291 ratus
1271 2248 1330 2289 sis
1344 2247 1456 2289 mori
1469 2259 1552 2300 pro
1567 2246 1710 2288 fratre.
1735 2246 1860 2286 Hanc

1036 2309 1132 2361 ipse
1150 2305 1365 2347 Dominus
1390 2304 1434 2344 in
1457 2316 1503 2345 se
1529 2302 1724 2344 exhibuit
1747 2302 1860 2342 mor-

1036 2369 1138 2407 tuus
1155 2374 1237 2415 pro
1258 2360 1477 2410 omnibus,
1503 2372 1632 2401 orans
1650 2355 1732 2411 'pro
1753 2357 1815 2398 eis
1835 2369 1859 2397 a

1038 2419 1196 2472 quibus
1227 2415 1582 2467 crucifigebatur,
1617 2420 1660 2456 et
1692 2413 1860 2455 dicens:

1036 2477 1166 2517 Pater
1194 2475 1373 2525 ignosce
1402 2473 1503 2522 illis,
1536 2472 1636 2524 quia
1661 2469 1860 2511 nesciunt

1039 2531 1144 2585 quid
1169 2531 1345 2572 faciunt:
1379 2528 1458 2572 sed
1486 2529 1523 2570 si
1548 2527 1667 2569 solus
1694 2526 1779 2567 hoc
1802 2525 1858 2566 fe-

1038 2589 1113 2638 cit,
1140 2600 1229 2628 non
1248 2592 1342 2628 erat
1361 2586 1584 2636 Magister,
1612 2583 1648 2624 si
1674 2581 1859 2633 discipu-

1037 2645 1105 2686 los
1133 2657 1221 2685 non
1247 2642 1448 2684 habebat.
1497 2640 1541 2682 Si
1570 2639 1667 2691 quis
1694 2642 1859 2679 tantam

1037 2700 1239 2742 habuerit
1263 2699 1504 2746 caritatem,
1532 2701 1580 2737 ut
1601 2696 1780 2747 paratus
1803 2693 1860 2734 sit

1037 2769 1119 2809 pro
1139 2755 1346 2797 fratribus
1366 2753 1497 2795 etiam
1515 2751 1642 2801 mori,
1665 2749 1859 2803 perfecta
