2040 2976
564 202 681 235 Aliud
708 201 883 235 Officium
908 203 942 235 S.
967 202 1130 236 ⁸Ioannis
1156 201 1419 244 Nepomuccni
1443 201 1549 235 Mart.

209 295 257 346 V.
274 298 487 346 Quoniam
505 298 756 350 praevenisti
775 310 874 338 eum
892 298 935 338 in
954 299 1025 340 be-

140 366 149 378 ·
204 352 523 395 nedictionibus
552 353 812 395 dulcedinis:
840 355 1025 407 posuisti

204 410 246 449 in
274 410 416 461 capite
445 411 535 461 ejus
563 412 771 451 coronam
798 409 853 452 de
879 411 1026 464 lapide

204 465 411 517 pretioso.
439 466 495 508 Et
514 466 748 508 voluntate.

506 532 656 572 Lectio
677 533 727 572 vi.

208 584 510 692 Sacrilegum
546 591 712 632 facinus
745 592 856 633 clam
883 594 1024 645 patra-

289 654 399 698 tum,
428 653 472 689 et
490 648 695 699 Martyris
719 648 902 699 gloriam
929 650 1026 690 insi-

203 717 287 753 gne
311 703 560 757 prodigium
586 703 791 746 divinitus
811 705 1026 757 patefecit.

204 760 289 802 Ubi
309 760 422 802 enim
441 761 639 802 exanime
659 774 818 813 corpus
834 761 1026 803 secundo

206 817 382 858 flumine
402 817 502 859 vehi
523 818 668 870 coepit,
689 818 890 859 ardentes
909 818 1026 859 faces

205 873 329 925 aquis
354 876 686 926 supernatantes
717 879 760 915 et
786 873 1025 915 discurren-

203 934 271 970 tes
299 932 604 982 apparuerunt.
652 929 946 980 Quamobrem
974 943 1028 971 ex

205 987 335 1026 arena
363 986 578 1038 postridie
604 999 730 1028 mane
757 999 917 1039 corpus
943 986 1026 1028 ela-

204 1046 314 1090 tum,
347 1042 544 1083 canonici
573 1041 746 1091 deinde,
778 1043 892 1092 regis
919 1043 1028 1083 iram

204 1096 309 1138 nihil
333 1098 550 1147 timentes,
578 1099 622 1138 in
645 1098 1029 1151 metropolitanam

206 1153 435 1194 ecclesiam
468 1153 650 1195 solemni
682 1167 847 1207 pompa
878 1154 1028 1196 intule-

205 1214 314 1258 runt,
330 1214 373 1250 et
383 1210 621 1262 sepulturae
631 1210 900 1252 mandarunt.
921 1211 1029 1252 Cum

206 1270 351 1306 autem
366 1266 408 1306 in
425 1266 519 1307 dies
531 1267 680 1308 invicti
691 1266 933 1309 sacerdotis
943 1279 1028 1308 me-

205 1322 343 1363 moria
370 1322 605 1372 miraculis,
641 1328 684 1364 et
710 1324 899 1364 maxima
926 1322 1029 1365 fide-

206 1377 329 1428 lium,
366 1381 517 1420 eorum
552 1381 775 1432 praecipue
813 1380 887 1432 qui
916 1380 1029 1421 fama

206 1434 524 1486 periclitantur,
555 1436 836 1477 veneratione
865 1438 1030 1478 cresce-

206 1495 288 1540 ret,
328 1496 432 1543 post
465 1504 602 1533 annos
635 1491 810 1533 demum
845 1493 1030 1545 amplius

207 1548 444 1597 trecentos,
470 1548 514 1588 in
533 1548 714 1599 juridica
732 1549 1030 1600 recognitione

208 1603 420 1655 corporis,
450 1604 569 1656 quod
597 1605 678 1647 sub
705 1605 839 1647 humo
863 1604 1031 1647 tamdiu

208 1659 413 1710 jacuerat,
436 1660 582 1712 lingua
603 1662 692 1713 ejus
715 1662 970 1714 incorrupta
989 1667 1032 1703 et

207 1715 354 1756 vivida
373 1718 547 1768 reperta
566 1723 646 1758 est:
666 1730 765 1769 quae
785 1722 910 1759 sexto
929 1723 1033 1770 post

209 1784 324 1813 anno
356 1772 570 1823 judicibus
604 1786 629 1814 a
657 1773 761 1815 sede
789 1774 1032 1826 apostolica

211 1826 423 1878 delegatis
451 1829 660 1880 exhibita,
688 1843 804 1872 novo
828 1830 1032 1883 prodigio

210 1886 390 1937 repente
408 1886 626 1936 intumuit,
651 1891 695 1928 et
714 1886 1032 1928 subobscurum

213 1940 451 1982 ruborem
440 1955 482 1982 m
509 1946 778 1995 purpureum
797 1945 1032 1984 eommuta-

210 1996 282 2038 vit.
312 1992 398 2038 His
423 2000 572 2051 itaque
597 1999 780 2051 aliisque
799 1999 934 2050 signis
953 1999 1033 2040 rite

211 2052 425 2104 probatis,
452 2054 716 2097 Benedictus
737 2054 930 2097 decimus
950 2057 1031 2096 ter-

210 2109 297 2150 tius
315 2110 516 2152 Pontifex
534 2111 751 2152 Maximus
775 2111 846 2153 die
866 2111 1034 2153 decima

210 2177 326 2206 nona
352 2167 512 2208 mensis
540 2168 702 2218 Martii,
740 2181 852 2209 anno
882 2168 1034 2210 salutis

211 2221 440 2263 millesimo
469 2224 855 2276 septingentesimo
879 2225 1034 2275 vigesi-

211 2290 284 2319 mo
302 2291 434 2328 nono,
453 2280 640 2331 primum
658 2280 773 2322 hunc
793 2294 1032 2323 sacramen-

211 2334 312 2375 talis
340 2335 469 2385 sigilli
501 2339 782 2387 assertorem,
815 2338 962 2379 arcani
989 2338 1034 2378 fi-

213 2390 313 2432 dem
345 2392 552 2442 sanguine
585 2392 905 2444 obsignantem,
941 2407 1034 2435 san-

212 2449 382 2488 ctorum
396 2448 636 2499 Martyrum
655 2449 854 2500 catalogo
876 2449 1033 2491 adscri-

212 2503 310 2555 psit.

264 2558 314 2609 R(
341 2560 463 2602 Stola
483 2560 676 2612 jucundit
679 2562 772 2602 atis.
792 2562 873 2614 [27]

264 2626 305 2659 In
330 2626 393 2659 ΠΙ.
418 2626 614 2660 Nocturno
640 2626 808 2660 Homilia
834 2627 869 2660 in
888 2628 942 2661 Ev
948 2640 1031 2671 zmng

214 2674 319 2710 Nihil
344 2679 402 2710 cst
426 2677 610 2719 opertum.
632 2674 679 2708 dc
710 2675 844 2708 codem
870 2676 1030 2710 Comuni

211 2724 241 2756 3.
266 2723 362 2757 loco.
389 2724 458 2766 [33]

1315 299 1445 340 Aliud
1466 300 1667 342 Officium
1687 301 1690 304 ⁴

1108 362 1150 403 S.
1169 363 1200 404 J
1202 361 1378 403 oannis
1395 362 1732 413 Nepomucenj
1754 363 1876 405 Mart.

1343 425 1497 468 Duplex
1512 427 1645 469 majus.

1288 493 1349 533 In
1374 493 1410 534 Ι.
1439 493 1690 544 vesperis.

1136 551 1222 585 Ant.
1247 556 1283 586 ct
1307 551 1399 595 Cap.
1425 552 1471 586 de
1496 551 1614 587 Laud.
1639 555 1746 600 [257];
1778 554 1838 589 Ps.
1863 559 1904 590 ut

1084 600 1121 633 in
1146 599 1229 633 1st
1233 610 1311 643 esp
1337 601 1383 635 de
1409 600 1611 635 Communi
1635 602 1770 646 Apost.
1788 602 1836 646 [2]

1393 661 1603 713 Hymnus.

1181 723 1351 763 nvictus
1369 721 1500 764 heros
1518 722 1730 773 Numinis,

1198 778 1460 828 Mergendus
1478 778 1595 820 unda
1612 779 1811 830 fluminis,

1180 833 1274 875 Stat
1292 834 1416 876 fortis
1434 834 1478 875 in
1496 834 1679 885 silentio,

1180 890 1297 931 Dum
1315 890 1366 932 fit
1384 890 1513 942 sigilli
1530 892 1706 933 mentio.

1121 955 1246 1011 vHinc
1264 968 1341 997 rex
1360 955 1548 997 minatur
1567 956 1728 1007 funera,

1183 1011 1298 1052 Hinc
1315 1017 1458 1053 tortor
1475 1011 1603 1054 infert
1622 1013 1813 1063 vulnera,

1182 1067 1336 1108 Manus
1356 1067 1544 1118 ligantur
1563 1068 1748 1119 funibus,

1184 1123 1319 1164 Artus
1339 1126 1585 1166 cremantur
1603 1125 1786 1176 ignibus.

1135 1186 1222 1229 Sed
1239 1187 1336 1229 haec
1353 1188 1378 1228 J
1381 1190 1545 1230 oannes
1564 1188 1760 1241 despicit,

1183 1244 1277 1285 Nec
1296 1243 1411 1294 regis
1428 1244 1538 1285 iram
1555 1244 1743 1297 respicit,

1183 1300 1360 1342 Secreta
1378 1313 1466 1342 non
1484 1300 1577 1342 vult
1595 1301 1801 1353 pandere,

1184 1357 1349 1399 Horret
1367 1356 1555 1408 sigillum
1573 1357 1783 1408 frangere.

1136 1423 1229 1464 Stat
1247 1427 1392 1464 mutus
1412 1423 1547 1473 agnus
1566 1425 1785 1474 innocens,

1186 1478 1259 1519 Nil
1279 1478 1334 1520 de
1351 1479 1551 1530 tegendis
1569 1480 1812 1532 proferens:

1185 1535 1294 1585 Stat3
1315 1535 1505 1587 dumque
1523 1548 1602 1577 rex
1617 1536 1679 1577 nil
1697 1536 1824 1586 elicit,

1186 1591 1223 1631 E
1241 1596 1376 1644 ponte
1395 1593 1554 1644 justum
1573 1591 1728 1642 dejicit.

1138 1656 1339 1708 Praeceps
1359 1657 1414 1698 ab
1435 1657 1524 1699 alto
1543 1658 1760 1708 sternitur,

1187 1712 1325 1754 Undis
1344 1713 1574 1765 profundis
1592 1715 1814 1766 mergitur:

1186 1769 1380 1810 Mersum
1399 1769 1478 1811 sed
1496 1770 1862 1823 applaudentibus

1187 1825 1328 1867 Undae
1347 1825 1538 1868 salutant
1555 1827 1738 1877 ignibus.

1139 1890 1285 1932 Stellae
1303 1895 1454 1932 natant
1471 1891 1515 1932 in
1534 1891 1724 1942 flumine,

1186 1946 1255 1987 Illi
1272 1948 1504 1999 parentant
1522 1947 1695 1999 lumine,

1189 2003 1420 2055 Docetque
1440 2003 1541 2045 coeli
1559 2003 1735 2046 claritas

1191 2060 1299 2110 Quae
1319 2060 1375 2101 sit
1394 2060 1418 2101 J
1421 2060 1573 2101 oannis
1592 2061 1762 2101 caritas.

1139 2126 1207 2166 Da
1226 2125 1493 2177 sempiterna
1511 2125 1712 2175 Trinitas,

1189 2181 1248 2222 Ut
1265 2181 1309 2221 in
1328 2181 1446 2223 bono
1467 2182 1523 2223 sit
1541 2182 1739 2224 firmitas:

1192 2237 1282 2279 Aut
1301 2237 1576 2279 lacrimarum
1594 2238 1773 2279 flumina

1189 2293 1386 2345 Mergant
1396 2293 1638 2390 Xadentum
1658 2294 1846 2336 crimina.

1438 2363 1548 2392 men.

1139 2420 1189 2472 W.
1223 2422 1551 2463 Sacramentum
1582 2422 1696 2473 regis
1727 2422 1909 2464 abscon-

1089 2478 1192 2520 dere
1217 2478 1381 2520 bonum
1409 2484 1486 2520 est.
1516 2480 1567 2531 R.
1595 2479 1742 2531 Opera
1767 2483 1910 2521 autem

1088 2536 1171 2577 Dei
1189 2535 1384 2577 revelare
1403 2535 1701 2577 honorificum.

1140 2606 1210 2647 Ad
1230 2606 1399 2655 Magnif.
1429 2607 1527 2647 Ant.
1555 2605 1687 2647 Dedit
1705 2593 1909 2647 mihim-

1088 2663 1228 2703 minus
1260 2662 1450 2713 linguam
1479 2663 1728 2704 mercedem
1755 2674 1910 2704 meam:

1089 2724 1132 2759 et
1151 2719 1193 2758 in
1214 2719 1309 2771 ipsa
1327 2718 1517 2761 laudabo
1536 2732 1646 2760 eum.
