2040 2976
400 227 473 261 Die
500 227 548 261 11.
574 226 749 269 Augusti.

143 327 265 369 siene
303 340 382 368 sua
415 325 627 368 mundum
665 324 972 367 illuminaverit

141 383 402 436 universum.
444 382 724 424 illuminavit
762 379 972 423 mundum

141 439 271 492 plane
298 439 558 481 Laurentius
588 452 641 481 eo
669 438 849 488 lumine,
883 450 971 490 quo

141 496 237 549 ipse
257 498 467 538 accensus
491 501 569 546 est,
593 500 637 537 et
655 495 841 536 flammis
862 507 971 547 quas

140 552 237 605 ipse
262 552 458 606 pertulit,
487 552 680 594 omnium
706 551 971 593 Christiano-

141 621 238 650 rum
257 609 393 651 corda
413 609 622 651 calefecit.

190 671 240 723 R.
262 667 359 717 Quo
379 665 673 719 progrederis.
692 666 788 706 493.

445 736 596 778 Lectio
616 751 653 776 V.

225 792 293 834 uis
313 793 423 834 nolit
442 791 499 834 ad
522 792 676 833 horam
693 791 761 833 uri
779 791 970 831 Lauren-

251 849 301 890 tii
318 849 429 900 igne,
451 854 500 890 ut
525 851 738 890 aeternum
759 847 970 900 gehennae

139 917 228 946 non
246 906 440 958 patietur
454 905 724 947 incendium?
751 905 880 946 Beati
894 905 970 956 igi-

139 966 210 1003 tur
245 962 470 1004 Laurentii
514 962 716 1015 exemplo
755 964 970 1014 provoce-

139 1031 236 1059 mur
255 1018 312 1060 ad
331 1019 597 1072 martyrium,
622 1023 666 1060 et
691 1018 971 1060 accendimur

139 1074 196 1116 ad
214 1075 358 1126 fidem,
377 1075 681 1117 incalescimus
701 1075 758 1117 ad
773 1075 969 1117 devotio—

139 1143 255 1173 nem:
291 1137 336 1174 et
365 1133 402 1173 si
435 1132 479 1172 in
510 1132 638 1174 nobis
670 1133 970 1185 persecutoris

140 1188 314 1230 flamma
340 1188 476 1239 deest,
500 1189 606 1230 fidei
627 1194 776 1231 tamen
796 1189 971 1230 flamma

139 1257 229 1286 non
254 1245 390 1287 deest.
430 1245 533 1286 Non
559 1246 765 1287 ardemus
793 1246 971 1298 quidem

141 1303 330 1355 corpore
348 1315 431 1355 pro
454 1302 640 1353 Christo,
666 1302 745 1344 sed
767 1302 970 1344 ardemus

141 1357 316 1400 affectu:
338 1371 426 1400 non
451 1359 625 1412 subjicit
642 1359 749 1400 mihi
766 1363 969 1412 persecu-

141 1419 213 1455 tor
237 1415 398 1467 ignem:
424 1415 504 1457 sed
528 1415 702 1467 subjicit
725 1416 833 1463 mihi
860 1416 970 1458 desi-

142 1470 311 1513 derium
329 1472 580 1514 Salvatoris.

190 1531 241 1584 R.
259 1528 364 1570 Noli
381 1542 451 1571 me
471 1528 786 1583 derelinquere.
806 1531 902 1570 494.

438 1597 589 1638 Lectio
609 1599 662 1639 vi.

228 1666 299 1695 sse
323 1659 470 1696 autem
488 1655 730 1696 Salvatoris
749 1655 894 1706 ignem
913 1655 969 1697 le-

251 1710 395 1761 gimus
427 1711 474 1752 in.
501 1711 758 1762 Evangelio,
796 1712 969 1754 dicente

141 1765 298 1808 eodem
313 1767 522 1817 Domino:
540 1768 732 1810 Nescitis
753 1769 855 1821 quia
870 1769 971 1811 veni

114 1823 116 1825 ’
139 1822 284 1874 ignem
306 1826 481 1867 mittere
501 1825 546 1866 in
564 1823 750 1867 terram?
783 1826 840 1867 Et
864 1826 971 1878 quid

140 1879 256 1930 volo,
276 1880 359 1922 nisi
374 1886 422 1922 ut
437 1880 727 1924 accendatur?
758 1882 855 1932 Quo
870 1883 970 1934 igne

140 1937 339 1978 succensi
355 1937 418 1978 1111
432 1937 520 1980 duo
537 1938 739 1991 discipuli
754 1937 970 1981 dixerunt:

139 1991 297 2034 Nonne
319 2006 396 2035 cor
415 1999 615 2037 nostrum
634 1995 793 2036 ardens
814 2001 908 2037 erat
926 1996 970 2036 in

140 2047 283 2101 nobis,
316 2049 421 2091 dum
447 2051 702 2104 loqueretur
734 2052 779 2092 in
807 2052 894 2103 via,
927 2058 971 2095 et

141 2107 330 2156 aperiret
344 2107 472 2149 nobis
487 2108 759 2161 Scripturas?
780 2110 882 2150 Hoc
894 2109 969 2160 igi-

141 2165 213 2201 tur
234 2161 334 2212 igne
356 2162 513 2206 beatus
531 2165 794 2207 Laurentius
819 2168 969 2207 accen-

142 2230 231 2267 sus,
259 2218 533 2261 flammarum
557 2234 646 2263 non
671 2222 804 2264 sentit
827 2222 970 2264 incen-

142 2273 278 2330 dium:q
296 2279 339 2316 et
359 2275 464 2317 dum
479 2276 641 2319 Christi
660 2278 785 2320 ardet
800 2277 969 2320 deside-

141 2330 217 2380 rio,
230 2333 528 2383 persecutoris
538 2347 718 2386 poenam
727 2348 816 2376 non
827 2336 970 2377 sentit.

189 2387 243 2443 R.
261 2387 426 2430 Beatus
446 2389 717 2432 Laurentius.
733 2393 830 2432 494.

365 2463 414 2501 In
433 2463 503 2501 ΙΙΙ.
523 2463 746 2503 Nocturno.

145 2522 295 2564 Lectio
321 2524 461 2565 sancti
479 2524 706 2576 Evangelii
729 2527 970 2568 secundum

443 2580 468 2620 J
471 2582 668 2622 oannem.

217 2642 370 2682 Lectio
391 2643 459 2682 vii.
658 2642 762 2694 Cap.
778 2644 834 2682 12.
851 2643 889 2683 d.

141 2699 216 2806 In
247 2704 323 2746 illo
350 2706 566 2757 tempore:
598 2705 719 2746 Dixit
746 2706 874 2748 Jesus
907 2707 967 2749 di-

106 2773 108 2775 ·
207 2761 386 2814 scipulis
411 2761 514 2802 suis:
538 2762 691 2812 Amen,
715 2775 842 2804 amen
867 2763 967 2806 dico

796 224 974 260 Secunda
999 224 1061 258 die
1086 224 1185 257 infra
1210 224 1289 258 Oct.
1316 223 1351 258 S.
1375 224 1583 258 Laurentii.

1022 323 1161 373 vobis,
1175 324 1260 364 nisi
1273 336 1458 375 granum
1473 325 1678 367 frumenti
1692 324 1855 366 cadens

1021 381 1065 421 in
1088 386 1265 430 terram,
1290 383 1511 423 mertuum
1535 382 1683 433 fuerit3
1709 383 1855 435 ipsum

1022 437 1166 478 solum
1184 443 1343 479 manet.
1375 438 1432 480 Et
1451 438 1631 491 reliqua.

1092 512 1159 552 De
1178 511 1372 553 Homilia
1392 512 1533 553 sancti
1554 513 1785 563 Augustini

1326 569 1549 622 Episcopi.

1064 636 1123 669 Ex
1141 635 1265 670 Tract.
1283 636 1334 669 51.
1352 635 1391 669 in
1407 635 1557 678 Joann„
1575 640 1665 678 post
1682 645 1809 678 supra.

1025 698 1214 755 ffl‘fisffgdmi
1241 704 1345 742 ergo
1374 705 1519 733 causae
1548 694 1757 735 articulus
1785 697 1854 737 ve-

1025 743 1119 827 Qw
1156 748 1281 799 nerit,
1300 754 1348 789 ut
1367 749 1463 790 haec
1479 750 1673 792 conditio
1691 762 1853 805 propo-
1903 784 1905 786 ψ

1024 801 1132 831 ⁴5³²—AE
1155 807 1303 855 natur,
1349 811 1424 848 aut
1468 806 1717 848 faciendum
1757 821 1854 850 esse

1022 867 1177 904 contra
1195 863 1280 904 Dei
1299 865 1583 916 praeeeptum,
1604 869 1678 906 aut
1699 877 1752 905 ex
1771 864 1855 906 hac

1021 919 1111 961 vita
1126 920 1443 971 emigrandum,
1463 934 1650 973 quorum
1667 920 1855 963 duorum

1021 976 1155 1018 homo
1190 977 1227 1018 si
1255 979 1438 1029 cogetur
1467 977 1654 1019 alterum
1682 978 1855 1030 eligere,

1022 1034 1317 1075 comminante
1343 1039 1531 1076 mortem
1557 1038 1855 1088 persecutore,

1020 1089 1082 1131 ibi
1102 1090 1235 1141 eligat
1249 1090 1347 1132 Deo
1369 1090 1531 1133 dilecto
1552 1093 1701 1142 emori,
1723 1105 1855 1145 quam
1919 1128 1921 1131 ,

1022 1146 1191 1188 offenso
1221 1149 1380 1189 vivere.
1430 1147 1498 1190 Ibi
1527 1148 1672 1191 oderit
1698 1149 1743 1189 in
1770 1149 1855 1190 hoc

1020 1203 1185 1245 mundo
1212 1204 1401 1245 animam
1423 1218 1558 1255 suam,
1581 1211 1630 1247 ut
1652 1206 1695 1246 in
1720 1206 1855 1248 vitam

1022 1262 1231 1302 aetemam
1265 1261 1487 1303 custodiat
1521 1275 1628 1303 eam.
1682 1263 1727 1304 Si
1757 1263 1854 1314 quis

1020 1317 1128 1357 mihi
1145 1318 1374 1368 ministrat,
1393 1332 1463 1360 me
1483 1321 1704 1371 sequatur.
1738 1320 1857 1370 Quid

1022 1378 1099 1423 est,
1111 1374 1186 1418 Me
1202 1377 1424 1427 sequatur,
1442 1376 1535 1426 nisi,
1551 1377 1622 1417 Me
1639 1376 1854 1418 imitetur?

1022 1430 1221 1472 Christus
1259 1432 1374 1472 enim
1410 1445 1493 1485 pro
1530 1433 1657 1475 nobis
1696 1447 1854 1486 passus

1022 1492 1104 1537 est,
1142 1489 1202 1530 ait
1235 1489 1481 1542 Apestolus
1518 1490 1692 1540 Petrus,
1729 1491 1853 1532 relin-

1023 1557 1161 1596 quens
1185 1545 1313 1587 nobis
1339 1546 1599 1599 exemplum,
1625 1552 1673 1588 ut
1699 1550 1853 1600 sequa-

1020 1614 1117 1642 mur
1135 1603 1321 1654 vestigia
1341 1604 1442 1654 ejus.

1075 1665 1126 1716 R.
1142 1664 1194 1704 In
1213 1666 1433 1707 craticula.
1453 1667 1550 1707 496.

1311 1737 1463 1778 Lectio
1485 1739 1568 1778 viii.

1111 1817 1187 1846 000
1222 1805 1343 1856 quod
1375 1805 1542 1847 dictum
1568 1811 1650 1848 est:
1680 1807 1725 1848 Si
1758 1808 1854 1859 quis

1133 1861 1239 1902 mihi
1267 1862 1501 1912 ministrat,
1533 1876 1604 1904 me
1634 1866 1855 1915 sequatur.

1022 1918 1119 1967 Quo
1157 1917 1327 1974 fructu?
1373 1932 1459 1971 qua
1494 1919 1721 1961 mercede?
1766 1934 1853 1973 quo

1021 1974 1228 2026 praemio?
1265 1975 1322 2016 Et
1345 1975 1421 2017 ubi
1447 1989 1554 2027 sum,
1582 1977 1733 2028 inquit,
1759 1990 1854 2028 ego,

1021 2029 1110 2071 illic
1135 2035 1179 2072 et
1201 2031 1400 2073 minister
1424 2045 1547 2074 meus
1574 2034 1667 2075 erit.
1691 2033 1853 2075 -Gratis

1022 2088 1202 2137 ametur,
1226 2092 1275 2129 ut
1293 2089 1452 2141 operis,
1474 2102 1561 2142 quo
1582 2090 1853 2131 ministratur

1021 2142 1094 2191 illi,
1117 2145 1309 2196 pretium
1333 2145 1389 2186 sit
1412 2158 1509 2187 esse
1530 2159 1628 2187 cum
1647 2146 1734 2189 illo.
1766 2147 1854 2189 Ubi

1024 2200 1139 2241 enim
1157 2200 1270 2242 bene
1295 2202 1378 2243 erit
1402 2203 1495 2244 sine
1514 2203 1602 2254 illo,
1626 2209 1701 2245 aut
1722 2218 1853 2260 quan-

1023 2254 1081 2298 do
1093 2269 1191 2298 esse
1206 2257 1320 2299 male
1334 2260 1499 2311 peterit
1513 2273 1611 2301 cum
1621 2259 1720 2302 illo?
1735 2261 1854 2303 Audi

1023 2313 1284 2356 evidentius:
1312 2315 1358 2356 Si
1386 2317 1483 2368 quis
1507 2316 1853 2372 mihi.ministra-

1022 2370 1153 2419 verit,
1207 2370 1519 2415 honorificabit
1573 2386 1673 2415 eum
1722 2375 1854 2416 Pater

979 2442 982 2445 ·
1022 2439 1156 2467 meus.
1190 2427 1287 2477 Quo
1307 2427 1487 2479 honore,
1505 2430 1590 2471 nisi
1608 2436 1657 2472 ut
1677 2431 1734 2472 sit
1753 2444 1853 2472 cum

1021 2482 1133 2524 Filio
1149 2482 1261 2534 ejus?
1285 2485 1415 2535 Quod
1430 2487 1544 2528 enim
1562 2488 1763 2540 superius
1779 2487 1853 2528 ait:

1020 2538 1107 2581 Ubi
1127 2552 1208 2590 ego
1224 2553 1331 2590 sum,
1351 2542 1439 2584 illic
1456 2548 1500 2585 et
1515 2544 1714 2585 minister
1728 2557 1852 2585 meus

1022 2596 1122 2646 erit3
1163 2596 1248 2638 hoc
1268 2598 1542 2651 intelligitur
1580 2602 1851 2652 exposuisse,

1021 2665 1119 2693 cum
1135 2651 1254 2695 dicit:
1268 2654 1594 2697 Honorificabit
1608 2669 1707 2697 eum
1721 2657 1852 2697 Pater

1020 2722 1154 2751 meus.
1187 2711 1303 2752 Nam
1328 2724 1459 2763 quem
1483 2713 1692 2764 majorem
1715 2711 1851 2753 hono-

1019 2779 1113 2807 rem
1158 2769 1358 2820 accipere
1398 2768 1564 2821 poterit
1601 2768 1850 2820 adoptatus,
