2040 2976
626 191 668 223 In
693 191 819 225 Festis
845 201 914 234 per
938 192 1092 225 Annum
1118 193 1167 226 ad
1190 193 1367 229 Primam.
1815 191 1861 225 29

198 275 247 327 V.
281 284 338 325 Et
366 297 420 325 ne
447 297 529 325 nos
557 284 739 325 inducas
766 285 811 325 in
838 289 975 326 tenta-

145 338 320 380 ti6nem.
355 340 405 391 Rz.
432 340 520 381 Sed
542 340 680 381 libera
703 353 784 382 nos
804 354 829 381 a
847 340 975 382 malo.

198 394 343 436 Credo
362 396 406 435 in
423 396 578 437 Deum.
600 402 784 438 secreto.

198 445 248 497 V.
271 451 423 492 Carnis
438 452 815 493 resurrectionem.
837 453 887 504 Rv.
901 452 975 493 Vi-

145 510 236 547 tam
255 509 476 548 aeternam.
503 508 657 549 Amen.

198 556 248 607 V.
266 563 324 603 Et
342 575 424 613 ego
444 563 502 604 ad
515 568 559 604 te
574 563 764 604 Domine
779 564 975 604 clamavi.

144 618 196 669 Rz.
206 618 262 659 Et
272 631 401 660 mane
412 619 554 660 oratio
565 632 663 660 mea
670 620 912 671 praeveniet
920 623 975 660 te.

198 667 248 719 V.
283 674 526 726 Repleatur
564 687 614 715 os
650 688 798 716 meum
834 674 974 715 laude.

146 729 196 781 Re.
222 729 282 770 Ut
305 734 478 771 cantem
504 730 690 780 gloriam
713 735 853 780 tuam,
881 735 976 771 tota

145 783 215 825 die
233 785 579 835 magnitudinem
597 791 728 827 tuam.

197 834 248 886 V.
271 841 463 882 D6mine
491 843 640 883 averte
668 842 826 883 faciem
854 847 975 883 tuam

145 909 170 937 a
188 897 384 949 peccatis
402 898 523 939 meis.
560 896 613 947 R:-
640 898 697 939 Et
723 911 875 939 omnes
899 899 974 939 ini-

146 952 335 1004 quitates
354 966 475 994 meas
495 952 604 994 dele.

197 1003 247 1054 V.
263 1008 349 1049 Cor
364 1008 575 1050 mundum
587 1022 689 1051 crea
706 1009 750 1050 in
761 1023 831 1050 me
841 1010 974 1051 Deus.

144 1064 195 1115 R.
222 1065 279 1105 Et
311 1065 512 1116 spiritum
543 1070 713 1106 rectum
744 1067 905 1106 innova
930 1066 974 1105 in

144 1119 387 1161 visceribus
406 1121 526 1161 meis.

199 1170 246 1222 V.
273 1175 342 1217 Ne
369 1177 576 1228 projicias
602 1190 673 1218 me
699 1189 724 1217 a
751 1177 861 1218 facie
887 1182 973 1218 tua.

144 1233 194 1283 Rz.
220 1231 278 1272 Et
305 1231 514 1284 Spiritum
543 1237 742 1273 sanctum
770 1237 893 1273 tuum
918 1246 973 1274 ne

143 1287 316 1328 auferas
337 1300 363 1328 a
381 1300 462 1328 me.

196 1338 247 1389 V.
271 1342 428 1384 Redde
456 1343 563 1383 mihi
591 1343 790 1384 laetitiam
815 1343 971 1384 saluta-

142 1398 202 1438 ris
215 1398 290 1439 tui.
316 1398 364 1448 Ru
382 1399 439 1440 Et
454 1399 609 1451 spiritu
624 1399 856 1451 principali
871 1412 971 1440 con-

141 1453 269 1494 firma
286 1466 367 1494 me.

196 1516 360 1556 Quando
394 1516 444 1549 ad
474 1514 594 1548 Laud.
625 1524 702 1548 non
734 1518 822 1548 sunt
859 1514 973 1548 dictae

143 1563 282 1597 Preces
322 1563 492 1605 feriales,
533 1562 662 1595 statim
697 1562 767 1595 dic.
812 1562 971 1606 Adiuto-

140 1607 240 1643 rium
266 1612 443 1643 nostrum
474 1614 510 1644 et
539 1609 739 1644 Confiteor
766 1610 867 1652 Deo,
901 1614 970 1645 etc.

144 1662 184 1692 ut
209 1668 326 1701 supra
344 1656 397 1691 22.

196 1705 360 1745 Quando
387 1709 513 1739 autem
539 1705 589 1739 ad
605 1705 725 1739 Laud.
749 1705 863 1739 dictae
885 1710 973 1739 sunt

142 1752 282 1786 Preces
318 1753 472 1786 feriales
510 1752 672 1787 inferius
710 1753 851 1796 positae
883 1758 973 1796 post

142 1800 296 1834 Laudes
334 1800 458 1834 Feriae
493 1799 554 1842 IL,
594 1804 684 1834 tunc
721 1800 770 1834 ad
804 1800 972 1834 Primam

142 1847 342 1890 praedictae
370 1847 510 1881 Preces
540 1851 576 1881 et
605 1852 811 1891 sequentes
842 1848 972 1882 dieun-

142 1899 203 1929 tur
225 1895 338 1929 flexis
362 1895 537 1937 genibus.

195 1944 246 1996 V.
267 1952 400 2004 Eripe
419 1965 489 1993 me
508 1952 697 1993 Demine
717 1952 772 1993 ab
791 1952 968 1994 hemine

139 2007 266 2048 malo.
297 2006 349 2057 Rr-
362 2008 405 2048 A
423 2009 518 2049 viro
538 2008 688 2059 iniquo
709 2008 829 2060 eripe
848 2021 929 2049 me.

194 2058 245 2110 V.
274 2064 408 2116 Eripe
440 2077 511 2105 me
544 2062 600 2104 de
631 2064 816 2104 inimicis
847 2064 967 2113 meis,

138 2118 260 2160 Deus
288 2132 423 2161 meus.
469 2122 521 2172 Rz.
544 2120 602 2160 Et
628 2119 683 2160 ab
711 2119 967 2169 insurgenti-

138 2173 221 2215 bus
239 2175 284 2215 in
303 2188 373 2216 me
391 2175 531 2216 libera
547 2187 629 2216 me.

195 2225 245 2277 V.
264 2231 396 2283 Eripe
421 2244 492 2272 me
512 2230 567 2272 de
587 2229 872 2283 operantibus
891 2230 966 2270 ini-

140 2285 361 2336 quitatem.
389 2287 438 2337 R.
449 2288 505 2328 Et
520 2286 575 2328 de
589 2287 692 2327 viris
708 2286 966 2336 sanguinum

138 2340 260 2381 salva
277 2354 358 2382 me.

196 2391 244 2442 ,VC
274 2396 346 2437 Sic
377 2397 595 2449 psalmum
627 2396 771 2438 dicam
802 2397 966 2437 nemini

137 2456 213 2493 tuo
233 2452 277 2492 in
296 2452 507 2493 saeculum
526 2452 688 2493 saeculi.
730 2452 779 2502 Rg.
797 2452 852 2493 Ut
869 2451 964 2493 red-

137 2507 239 2549 dam
257 2512 363 2548 vota
379 2520 478 2548 mea
497 2507 552 2548 de
572 2507 643 2549 die
663 2508 707 2548 in
727 2507 853 2548 diem.

198 2557 244 2608 V.
275 2562 449 2604 Exaudi
483 2575 565 2604 nos
601 2564 723 2604 Deus
761 2563 964 2604 salutaris

137 2623 298 2659 noster.
357 2619 407 2670 R.
438 2618 548 2670 Spes
584 2619 778 2659 omnium
812 2618 964 2659 finium

135 2678 277 2723 terrae,
298 2679 341 2715 et
359 2674 402 2714 in
420 2674 530 2714 mari
547 2673 688 2724 longe.

289 2814 353 2839 Pars
370 2815 478 2839 AEstiva.

1084 282 1135 333 V.
1150 286 1272 326 Deus
1290 286 1334 325 in
1354 285 1617 337 adjuterium
1635 298 1781 326 meum
1799 286 1859 325 in-

1029 340 1172 382 tende.
1212 344 1261 395 R
1283 341 1470 382 Domine
1490 341 1546 382 ad
1566 341 1860 393 adjuvandum

1028 409 1098 437 me
1118 397 1285 438 festina.

1084 448 1134 501 V.
1154 453 1343 494 Sanetus
1362 453 1500 502 Deus,
1526 458 1702 494 sanctus
1722 453 1859 502 fortis,

1029 513 1206 549 sanctus
1241 508 1512 549 immortalis.
1566 514 1617 564 R,
1651 509 1859 550 Miserere

1028 564 1166 605 nobis.

1085 616 1136 667 V.
1155 619 1349 661 Benedic
1374 620 1518 660 anima
1537 633 1635 660 mea
1654 620 1858 661 Demino.

1031 678 1082 728 Ην.
1111 677 1167 717 Et
1200 677 1346 717 omnia
1379 689 1478 728 quae
1506 676 1621 717 intra
1648 689 1718 717 me
1747 681 1858 725 sunt,

1028 733 1193 772 nemini
1213 737 1365 773 sancto
1387 732 1487 784 ejus.

1083 783 1134 835 V.
1155 788 1351 829 Benedic
1373 788 1518 828 anima
1537 801 1635 829 mea
1654 788 1858 828 Demino.

1032 845 1082 895 R.
1097 845 1154 885 Et
1172 844 1261 885 noli
1281 844 1483 885 oblivisci
1503 856 1655 884 omnes
1676 843 1857 884 retribu-

1028 900 1171 941 tienes
1191 901 1293 952 ejus.

1084 951 1133 1001 V.
1155 957 1239 1006 Qui
1264 956 1528 1008 propitiatur
1555 955 1758 996 emnibus
1782 955 1857 995 ini-

1029 1012 1270 1063 quitatibus
1286 1012 1382 1053 tuis.
1405 1014 1456 1065 R'·
1469 1011 1552 1061 Qui
1567 1016 1692 1052 sanat
1706 1024 1858 1052 omnes

1026 1068 1304 1109 infirmitates
1323 1073 1432 1108 tuas.

1084 1119 1132 1169 V.
1153 1124 1237 1174 Qui
1257 1123 1431 1165 redimit
1451 1123 1506 1164 de
1525 1123 1704 1164 interitu
1723 1123 1858 1164 vitam

1026 1184 1157 1220 tuam.
1196 1182 1244 1233 Rg.
1262 1181 1346 1230 Qui
1365 1181 1549 1220 corenat
1568 1184 1612 1220 te
1630 1180 1675 1219 in
1694 1178 1856 1220 miseri-

1027 1235 1178 1276 cordia
1198 1241 1241 1277 et
1260 1235 1623 1276 miseratienibus.

1075 1286 1132 1337 V.
1161 1292 1246 1341 Qui
1278 1291 1420 1343 replet
1451 1292 1495 1331 in
1526 1291 1655 1332 bonis
1689 1290 1855 1331 deside-

1025 1347 1136 1387 rium
1181 1352 1315 1388 tuum.
1376 1349 1426 1399 R'·
1463 1346 1767 1388 Renovabitur
1808 1351 1856 1387 ut

1026 1403 1184 1455 aquilae
1204 1404 1405 1454 juventus
1425 1407 1510 1443 tua.

1082 1454 1131 1505 V.
1159 1458 1439 1511 Adjutorium
1470 1463 1670 1499 nostrum
1703 1458 1746 1498 in
1779 1459 1854 1498 ne-

1023 1514 1140 1555 mine
1158 1515 1347 1555 Demini.
1390 1520 1440 1571 R.
1459 1515 1543 1564 Qui
1566 1515 1669 1555 fecit
1693 1514 1855 1555 coelum

1025 1575 1068 1612 et
1087 1575 1260 1612 terram.

1082 1630 1233 1664 Deinde
1264 1630 1609 1664 Hebdomadarius
1643 1631 1734 1664 facit
1764 1631 1861 1665 Con—

1028 1678 1236 1711 fessionern
1262 1678 1411 1712 dicens:
1444 1678 1641 1713 Confiteor
1662 1677 1757 1712 Deo.
1793 1679 1862 1711 Re-

1027 1726 1134 1768 liqua
1161 1726 1289 1759 omnia
1314 1730 1354 1759 ut
1378 1736 1495 1769 supra
1514 1726 1550 1759 in
1568 1726 1783 1759 Dominica.
1799 1724 1854 1758 22.

1230 1792 1508 1814 &W

1122 1845 1184 1894 In
1206 1845 1383 1896 Festis
1404 1855 1498 1910 per
1520 1845 1749 1894 Annum.

1079 1923 1204 1964 Pater
1223 1929 1384 1965 noster.
1413 1924 1502 1965 Ave
1517 1924 1665 1964 Maria.
1696 1920 1851 1964 Credo.

1027 1973 1077 2024 V.
1098 1979 1220 2020 Deus
1252 1980 1295 2019 in
1326 1979 1590 2031 adjuterium
1616 1990 1774 2019 meum.
1813 1984 1860 2019 ut

1028 2047 1160 2085 supra
1171 2036 1230 2075 14.

1335 2097 1547 2148 Hymnus.

1117 2171 1188 2199 am
1206 2158 1315 2199 lucis
1335 2162 1434 2199 orto
1454 2156 1598 2200 sidere
1612 2208 1622 2216 ‚

1132 2215 1277 2255 Deum
1295 2215 1527 2266 precemur
1546 2212 1779 2264 supplices,

1096 2269 1156 2311 Ut
1174 2270 1218 2309 in
1239 2269 1404 2310 diurnis
1425 2268 1597 2309 actibus

1095 2325 1190 2366 Nos
1210 2329 1356 2366 servet
1375 2337 1400 2365 a
1421 2322 1692 2364 nocentibus.

1044 2389 1258 2439 Linguam
1277 2388 1516 2429 refraenans
1534 2389 1761 2438 temperet,

1093 2444 1162 2485 Ne
1180 2443 1267 2484 litis
1286 2443 1444 2485 horror
1461 2445 1651 2483 insonet:

1093 2499 1251 2540 Visum
1269 2498 1460 2540 fovendo
1481 2500 1698 2546 contegat,

1094 2555 1162 2596 Ne
1182 2555 1397 2595 vanitates
1415 2553 1598 2594 hauriat.

1044 2618 1138 2660 Sint
1155 2631 1267 2671 pura
1285 2617 1431 2659 cordis
1450 2617 1611 2665 intima,

1092 2674 1293 2715 Absistat
1312 2678 1356 2715 et
1373 2672 1596 2721 vecerdia3
