2040 2976
173 204 266 248 [294]

564 204 603 238 B.
630 204 676 237 M.
704 204 747 238 V.
773 204 845 238 sub
871 204 983 239 titulo
1007 204 1054 239 de
1079 204 1273 247 Perpetuo
1298 205 1501 239 Succursu.

173 303 318 356 spatio
348 302 436 344 late
462 302 507 343 in
532 302 786 344 universum
813 301 1007 343 christia-

172 373 275 400 num
301 359 455 401 orbem
481 371 529 401 se
558 358 794 400 diffuderit.
837 358 1007 408 Quibus

171 418 399 468 permetus
427 415 545 458 idem
572 415 778 457 Summus
802 415 1007 456 Pentifex

171 473 275 514 Pius
291 485 445 522 nonus,
465 473 523 515 ad
542 472 792 525 augendum
812 484 916 523 erga
930 472 1006 512 im-

171 529 435 571 maculatam
481 529 583 571 coeli
620 531 841 582 terraeque
877 529 1006 579 Regi-

171 600 272 628 nam
318 586 620 636 devotionem,
667 585 1007 637 Congregationi

171 644 434 686 sanctissimi
471 643 786 696 Redemptoris
827 643 1007 684 Missam

171 707 214 743 et
235 700 441 742 Officium
464 700 697 753 proprium
720 700 765 740 in
792 699 1006 741 honorem

170 758 315 799 beatae
344 757 538 809 Virginis
571 757 725 798 Mariae
758 756 814 798 de
845 755 1005 809 Perpe-

169 820 246 857 tuo
283 816 506 857 Succursu
546 813 734 865 benigne
771 813 1006 855 concessit:

170 872 390 924 assignata
410 871 511 913 huic
530 870 759 913 festivitati
773 869 1006 911 Dominica

169 934 271 970 ante
292 929 408 970 diem
428 931 635 970 octavum
649 926 877 968 Kalendas
892 926 916 967 J
919 925 1005 975 ulii,

171 999 259 1038 quo
285 985 356 1028 die
381 985 632 1028 veneranda
654 985 801 1035 imago
826 997 851 1025 a
875 983 1004 1024 colle-

167 1043 239 1094 gio
267 1043 581 1084 canonicorum
607 1043 905 1083 sacrosanctae
929 1039 1003 1082 ba-

168 1099 303 1141 silicae
329 1100 560 1141 Vaticanae
585 1102 719 1140 aurea
746 1099 912 1139 corena
936 1109 1003 1138 so-

167 1156 297 1198 lemni
317 1157 402 1198 ritu
421 1156 502 1198 fuit
520 1156 742 1198 decorata.

220 1216 271 1267 R.
298 1213 522 1255 Ornatam.
542 1212 640 1265 [141]

393 1293 442 1333 In
462 1292 533 1332 III.
553 1293 778 1332 Nocturno.

167 1358 322 1400 Lectio
347 1357 489 1399 sancti
506 1355 737 1408 Evangelii
761 1355 1003 1397 secundum

471 1414 496 1455 J
500 1415 699 1455 oannem.

243 1475 397 1517 Lectio
418 1476 487 1516 vii.
696 1476 801 1528 Cap.
814 1476 872 1516 19.
889 1488 923 1516 e.

166 1532 242 1638 In
282 1536 359 1578 illo
401 1538 618 1588 tempore:
663 1534 847 1576 Stabant
884 1534 1003 1585 juxta

233 1605 409 1634 crucem
431 1593 456 1634 J
459 1606 538 1635 esu
562 1597 703 1633 mater
728 1592 834 1643 ejus,
864 1595 907 1632 et
934 1603 1002 1631 so-

166 1662 240 1691 ror
259 1649 412 1691 matris
433 1650 524 1701 ejus
543 1649 683 1690 Maria
703 1647 929 1700 Cleophae,
960 1652 1004 1688 et

165 1706 306 1748 Maria
323 1705 596 1757 Magdalene.
623 1705 681 1747 Et
700 1704 880 1757 reliqua.

283 1775 476 1819 Homilia
505 1776 646 1817 sancti
673 1773 890 1816 Bernardi

483 1832 684 1874 Abbatis.

277 1895 335 1929 Ex
360 1894 485 1928 Tract.
512 1893 559 1927 de
584 1892 692 1927 Pass.
717 1890 885 1926 Domini.

169 1958 182 2007 ³⁷2
199 1949 372 2002 rx
400 1948 530 1989 matri
559 1959 665 1988 suae:
693 1945 869 1994 Mulier,
898 1958 1002 1987 ecce

169 2009 182 2055 ’ξ
199 2002 269 2061 {47²³}
314 2005 430 2046 filius
450 2010 567 2053 tuus3
593 2016 644 2044 ac
669 2002 707 2043 si
727 2002 909 2045 diceret:
932 2002 1002 2043 Tu

313 2075 384 2103 me
416 2061 508 2102 filio
542 2059 834 2113 corporaliter
859 2059 1000 2112 priva-

167 2118 243 2168 ris,
268 2117 386 2160 unde
411 2118 491 2160 tibi
514 2117 693 2159 unicum
717 2129 811 2169 prae
832 2116 1010 2157 cunctis

168 2174 378 2216 dilectum
402 2174 446 2215 in
468 2174 608 2215 filium
633 2173 708 2224 do,
741 2173 863 2225 cujus
890 2185 1001 2225 prae-

168 2230 308 2272 sentia
335 2231 509 2272 interim
536 2230 641 2272 dum
666 2230 822 2271 absum
846 2241 1000 2271 conso-

167 2287 281 2328 leris.
317 2287 391 2328 Ad
411 2286 675 2339 discipulum
695 2292 857 2328 autem:
885 2286 1001 2327 Ecce

167 2348 310 2386 mater
332 2348 422 2385 tua:
451 2344 576 2396 quasi
598 2343 779 2386 diceret:
807 2343 876 2384 Tu
895 2355 1001 2385 vero

167 2413 238 2442 me
256 2405 383 2452 patre
405 2400 625 2452 spoliaris,
644 2400 762 2441 unde
782 2400 895 2442 hanc
914 2413 1001 2441 ma-

167 2462 281 2499 trem
309 2456 415 2498 mihi
443 2457 713 2498 carissimam
741 2455 821 2498 tibi
845 2457 889 2497 in
914 2470 1001 2498 ma-

167 2519 280 2556 trem
313 2513 387 2563 do;
421 2515 681 2555 conservate
714 2514 807 2564 jura
836 2516 1002 2554 matuae

169 2570 365 2612 caritatis
395 2569 453 2612 ad
480 2570 686 2618 invicem,
718 2574 766 2610 tu
794 2569 926 2610 istum
954 2569 1000 2610 fi-

168 2627 289 2676 lium,
324 2631 373 2668 tu
403 2627 535 2668 istam
566 2630 751 2667 matrem
783 2624 1001 2666 habendo.

170 2684 208 2724 Ο
230 2696 362 2736 quam
380 2683 612 2724 munificus
636 2682 778 2722 factus
798 2694 845 2722 es
864 2681 908 2721 in
925 2685 1000 2722 nu-

169 2740 272 2792 ptiis
287 2740 385 2789 tuis,
404 2752 482 2780 rex
497 2744 541 2780 et
556 2750 729 2791 sponse,
748 2737 865 2778 bone
880 2737 904 2777 J
907 2737 1001 2778 esu!

1059 301 1201 351 Quam
1227 300 1350 351 large
1377 313 1477 352 quae
1506 301 1712 352 habuisti,
1745 303 1891 344 omnia

1058 355 1295 398 tradidisti!
1332 357 1450 398 Ecce
1481 357 1590 410 ipsis
1623 358 1890 400 crucifixori-

1057 412 1141 454 bus
1159 413 1248 454 tuis
1267 413 1479 454 orationis
1495 412 1712 465 affectum,
1731 414 1892 457 latreni

1058 467 1330 522 paradisum,
1355 469 1486 511 matri
1510 469 1667 519 filium,
1690 470 1783 512 filio
1801 483 1891 512 ma·

1057 530 1188 575 trem,
1206 526 1392 567 mortuis
1411 526 1565 577 vitam,
1589 526 1794 569 manibus
1812 527 1891 569 Pa-

1057 582 1137 624 tris
1161 583 1353 623 animam
1378 588 1517 633 tuam,
1545 584 1629 625 toti
1651 583 1818 626 mundo
1839 584 1892 625 si-

1057 652 1143 690 gna
1170 639 1382 692 potentiae
1410 645 1500 682 tuae
1529 640 1771 682 contulisti!
1803 640 1892 682 Sed

1057 701 1208 738 movet
1223 709 1305 746 me,
1327 696 1448 748 quod
1464 709 1565 738 cum
1580 696 1779 739 dixisset:
1798 696 1891 738 Mu-

1057 752 1152 803 lier,
1191 765 1295 795 ecce
1328 753 1462 803 filius3
1500 753 1738 805 subjunxit:
1774 753 1892 796 Ecce

1057 815 1199 852 mater
1238 815 1329 861 tua;
1370 823 1470 851 cum
1510 810 1678 862 utique,
1720 810 1893 852 etiamsi

1057 867 1143 909 hoc
1161 880 1250 909 non
1270 866 1577 918 subjunxisset,
1596 866 1893 908 necessarium

1057 923 1213 966 fuisset
1232 937 1329 966 eam
1349 936 1448 965 esse
1467 928 1654 965 matrem
1670 922 1797 973 illius,
1818 923 1892 976 qui

1056 980 1100 1021 in
1116 981 1258 1022 -filium
1277 981 1362 1022 sibi
1383 980 1512 1022 datus
1533 983 1639 1021 erat.

1108 1038 1161 1091 R.
1176 1038 1302 1079 Felix
1321 1049 1512 1090 namque
1532 1049 1591 1086 eS,
1611 1049 1737 1078 sacra
1751 1036 1891 1088 Virgo

1055 1094 1206 1145 Maria,
1226 1099 1270 1136 et
1289 1094 1410 1136 omni
1428 1092 1560 1134 laude
1579 1092 1849 1144 dignissima:
1867 1092 1891 1118 *

1058 1151 1170 1202 Quia
1198 1164 1253 1193 ex
1279 1155 1325 1193 te
1353 1155 1476 1192 ortus
1504 1155 1573 1192 est
1601 1149 1669 1191 sol
1696 1150 1891 1202 justitiae,

1057 1208 1260 1250 Christus
1279 1208 1402 1250 Deus
1420 1210 1583 1248 noster.
1616 1199 1670 1252 V.
1694 1206 1786 1248 Ora
1806 1219 1891 1259 pro

1055 1264 1237 1318 populo,
1261 1263 1477 1306 interveni
1500 1275 1583 1317 pro
1604 1263 1736 1313 clero,
1761 1263 1891 1305 inter-

1056 1321 1165 1363 cede
1205 1333 1289 1374 pro
1331 1320 1498 1362 devoto
1538 1320 1728 1362 femineo
1767 1332 1892 1362 sexu:

1057 1379 1248 1420 sentiant
1263 1390 1417 1420 omnes
1431 1382 1556 1419 tuum
1571 1378 1785 1429 juvamen,
1801 1377 1891 1429 qui-

1056 1438 1246 1487 cumque
1278 1434 1504 1476 celebrant
1534 1438 1658 1475 tuam
1690 1438 1891 1476 sanctam

1054 1492 1373 1534 Festivitatem.
1402 1491 1526 1542 Quia.

1342 1544 1498 1587 Lectio
1519 1544 1605 1585 viii.

1058 1597 1182 1705 Sed
1223 1605 1310 1647 hoc
1350 1608 1516 1647 mutuae
1554 1603 1752 1647 caritatis
1789 1603 1891 1645 affe-

1142 1667 1262 1704 ctum
1293 1661 1401 1702 mihi
1431 1659 1744 1703 commendare
1772 1660 1890 1702 vide-

1054 1724 1136 1761 tur.
1186 1718 1296 1760 Sunt
1333 1718 1450 1759 enim
1486 1717 1685 1760 nonnulli
1722 1717 1799 1769 qui
1833 1716 1890 1759 ab

1056 1774 1260 1817 Omnibus
1283 1775 1421 1816 amari
1440 1775 1611 1825 volunt,
1640 1771 1722 1815 sed
1743 1769 1890 1815 nullos

1055 1831 1216 1874 affeetu
1247 1834 1403 1874 mutuo
1436 1831 1808 1884 complectuntur;
1846 1834 1892 1872 et

1054 1889 1210 1931 volunt
1237 1893 1286 1930 ut
1313 1891 1467 1930 eorum
1491 1887 1669 1929 labores
1695 1891 1740 1928 et
1766 1886 1890 1928 dole-

1055 1958 1126 1987 res
1145 1945 1421 1995 allevientur,
1450 1949 1494 1987 et
1518 1957 1619 1986 cum
1644 1943 1840 1986 ferantur
1864 1956 1890 1984 a

1054 2002 1272 2056 pluribus,
1296 2002 1382 2055 ipsi
1399 2002 1561 2043 nullius
1581 2003 1717 2049 (mera
1734 1999 1891 2042 volunt

1054 2061 1246 2112 portare.
1285 2059 1389 2101 Non
1421 2058 1507 2100 hoc
1539 2058 1655 2100 enim
1687 2057 1890 2099 Christus

1055 2115 1224 2166 docuit,
1265 2121 1340 2159 aut
1376 2115 1494 2166 fecit3
1540 2114 1736 2168 portavit
1773 2113 1890 2155 enim

1055 2175 1191 2215 onera
1222 2178 1314 2222 tua,
1352 2173 1543 2214 invitans
1576 2176 1636 2221 te,
1674 2175 1724 2213 ut
1760 2175 1805 2212 et
1839 2175 1889 2212 tu

1056 2232 1191 2271 onera
1218 2234 1372 2283 portes
1397 2228 1532 2278 illius,
1565 2226 1682 2270 idest
1714 2231 1764 2268 ut
1789 2239 1888 2280 pas-

1054 2286 1226 2328 sionem
1271 2285 1387 2327 illius
1431 2284 1627 2327 imiteris.
1688 2283 1888 2325 Christus

1055 2343 1171 2384 enim
1195 2355 1355 2396 passus
1375 2346 1459 2391 est,
1488 2341 1742 2392 relinquens
1760 2338 1888 2381 nobis

1055 2399 1323 2452 exemplum,
1360 2403 1409 2440 ut
1437 2400 1674 2450 sequamur
1701 2396 1888 2447 vestigia

1055 2457 1157 2508 ejus.
1194 2456 1294 2497 Hoc
1319 2460 1364 2498 et
1387 2454 1554 2504 decuit,
1582 2466 1683 2495 cum
1701 2457 1888 2494 matrem

1055 2512 1285 2565 discipulo,
1309 2516 1352 2553 et
1366 2511 1497 2553 matri
1515 2509 1782 2563 discipulum
1796 2511 1887 2550 mu-

1053 2574 1130 2610 tuo
1151 2567 1493 2618 commendavit3
1511 2567 1716 2607 nimirum
1733 2565 1888 2607 nolens

1054 2630 1102 2666 ut
1128 2625 1290 2666 caritas
1315 2623 1557 2676 spiritualis
1583 2635 1638 2664 ex
1655 2635 1743 2663 una
1760 2626 1887 2674 parte

1054 2681 1212 2732 frigida
1247 2682 1510 2729 remaneret3
1551 2679 1631 2720 sed
1673 2683 1722 2720 ut
1758 2676 1886 2719 simul

1054 2736 1339 2786 dormientes,
1366 2736 1483 2778 idest
1505 2736 1551 2776 in
1574 2747 1681 2776 vera
1705 2738 1751 2775 et
1774 2746 1886 2786 pura
