2040 2976
182 219 276 263 [258]

238 317 304 355 Ps.
332 313 546 354 Dominus
565 311 775 363 regnavit.
793 312 854 351 14.

237 377 271 415 2.
308 376 400 416 Rex
427 373 550 415 dixit:
575 374 599 398 *
622 373 692 414 Ne
717 370 964 413 abscondas
991 383 1015 411 a

182 444 252 472 me
289 430 490 479 verbum,
539 428 660 481 quod
699 433 743 469 te
780 427 1016 477 interrogo.

183 487 300 528 Dixi:
324 487 551 528 Secretum
570 497 717 526 meum
734 483 855 533 mihi,
875 484 1014 524 secre-

183 549 277 584 tum
295 556 442 584 meum
461 541 577 582 mihi.

240 607 276 647 3.
314 602 573 644 Affirmabat
601 615 679 643 rex
707 604 731 629 *
760 615 807 643 se
836 601 1016 643 divitem

184 665 227 701 et
251 660 433 701 beatum
459 659 686 700 facturum.
722 658 824 699 Non
854 657 1016 699 obedio

184 717 411 769 praecepto
440 715 571 766 regis,
600 715 679 756 sed
709 716 933 766 praecepto
958 713 1016 754 le-

184 773 261 823 gis,
284 785 382 824 quae
403 771 507 813 data
527 776 594 812 est
611 771 751 812 nobis.

239 836 276 874 4.
315 834 436 873 Tunc
463 845 559 881 rex,
587 833 798 872 accensus
826 831 907 879 ira,
927 832 951 856 *
974 830 1018 870 in

186 888 301 930 hunc
321 901 454 941 super
475 901 628 929 omnes
648 886 867 928 crudelius
882 885 1018 927 desae-

187 946 276 986 viit.

241 1009 278 1047 5.
310 1006 473 1046 Beatus
498 1006 522 1031 *
548 1005 622 1056 qui
649 1003 797 1054 lingua
825 1016 903 1044 sua
931 1015 1020 1044 non

188 1066 255 1102 est
278 1061 446 1113 lapsus,
474 1066 518 1103 et
544 1060 619 1112 qui
643 1072 732 1104 non
758 1059 936 1101 servivit
959 1059 1019 1099 in-

187 1117 329 1168 dignis
350 1130 408 1160 se.

268 1182 529 1234 Capitulum.
682 1178 813 1219 Eccli.
829 1179 886 1217 21.
904 1177 943 1217 d.

189 1241 367 1347 Labia
396 1246 740 1300 imprudentium
768 1244 902 1286 stulta
926 1255 1020 1284 nar-

291 1303 463 1344 rabunt:
492 1303 629 1344 verba
657 1308 805 1343 autem
831 1299 1020 1353 pruden-

188 1359 297 1399 tium
336 1361 500 1400 statera
535 1357 912 1411 ponderabuntur.
970 1356 1022 1396 In

191 1427 268 1455 ore
294 1415 527 1456 ‘fatuorum
563 1428 641 1456 cor
677 1414 866 1455 illorum:
904 1417 948 1454 et
978 1412 1022 1452 in

191 1469 324 1512 corde
346 1472 608 1523 sapientium
627 1484 678 1512 os
697 1470 884 1511 illorum.

500 1542 711 1592 Hymnus.

335 1605 379 1645 ix
398 1605 443 1645 in
462 1604 699 1657 sepulchro
719 1604 935 1652 conditur,

357 1660 500 1711 Signis
519 1661 544 1701 J
547 1663 711 1702 oannes
731 1659 945 1713 proditur,

296 1715 381 1756 Per
401 1717 586 1757 cratium
606 1717 818 1769 repagula

296 1772 581 1814 Intermicant
599 1772 820 1814 miracula.

247 1840 331 1881 Hic
351 1842 441 1892 ejus
461 1841 613 1882 hostes
632 1841 750 1882 illico

299 1897 476 1939 Pudore
494 1898 643 1939 moesti
663 1897 857 1950 publico,

298 1954 465 1995 Ultrice
485 1953 640 1995 dextra
658 1953 872 2002 Numinis,

297 2011 457 2052 Poenas
477 2010 724 2064 rependunt
743 2009 947 2051 criminis.

249 2079 333 2121 Hic
352 2078 511 2120 damna
531 2092 677 2121 rerum
696 2078 912 2127 flentibus,

301 2136 506 2177 Famaeve
525 2134 907 2187 conquerentibus,

301 2190 508 2233 Abducta
527 2205 598 2233 res
617 2192 863 2240 revertitur,

301 2247 464 2289 Ablata
483 2248 598 2288 fama
617 2247 827 2290 redditur.

253 2316 335 2357 Hic
356 2329 518 2368 corpus
538 2317 830 2368 aegritudines,

301 2372 498 2424 Tempus
517 2373 852 2422 vicissitudines,

302 2428 551 2469 Periculum
570 2429 794 2477 securitas,

302 2485 492 2526 Mortem
511 2484 621 2535 fugit
639 2485 899 2526 mortalitas.

253 2553 340 2595 Hic
358 2553 458 2595 viva
475 2553 623 2604 lingua
642 2553 860 2605 Martyris,

303 2609 391 2650 Sed
408 2614 530 2651 muta
548 2621 658 2650 voce
678 2610 901 2659 sanguinis

306 2665 520 2714 Clamans,
540 2670 588 2706 ut
606 2664 731 2712 Abel,
749 2664 981 2716 improbat,

303 2722 505 2773 Regique
525 2721 689 2762 crimen
709 2720 958 2773 exprobrat.

548 214 666 248 Aliud
692 214 869 247 Officium
895 214 929 248 S.
954 213 1118 247 Joannis
1144 211 1410 254 Ncpomuceni
1433 210 1541 244 Mart.

1125 307 1258 348 Unius
1280 318 1306 347 o
1327 305 1384 347 da
1401 306 1606 355 Trinitas,

1171 363 1414 414 Triumque
1434 362 1621 414 simplex
1640 361 1804 410 Unitas,

1174 419 1241 473 Ut,
1255 419 1329 470 qui
1347 419 1371 459 J
1375 418 1504 459 oanni
1524 418 1787 471 supplicant,

1174 474 1227 517 Id
1246 477 1493 527 impetrent,
1514 474 1636 526 quod
1654 473 1863 525 flagitant.

1384 531 1537 572 Amen.

1127 599 1176 645 V.
1216 596 1352 637 Posui
1395 596 1462 637 ori
1501 607 1602 636 meo
1644 593 1904 636 custodiam.

1077 656 1125 706 R».
1151 653 1260 693 Cum
1293 654 1555 694 consisteret
1586 653 1797 704 peccator
1829 649 1902 691 ad-

1072 711 1248 750 versum
1265 722 1347 750 me.

1130 776 1199 817 Ad
1216 774 1379 815 Bencd.
1401 775 1500 814 Ant.
1526 773 1799 824 Quicumque
1814 771 1905 822 glo-

1073 830 1309 872 rificaverit
1324 842 1404 879 me,
1420 828 1679 880 glorificabo
1695 841 1810 869 eum:
1831 827 1905 880 qui

1073 893 1220 928 autem
1239 888 1525 928 contemnunt
1542 898 1623 935 me,
1644 889 1771 926 erunt
1784 884 1904 936 igno-

1074 943 1196 985 biles.

1417 1006 1580 1047 Oratio.

1164 1086 1258 1123 eus,
1289 1073 1363 1125 qui
1388 1073 1445 1114 ob
1468 1073 1678 1114 invictum
1696 1070 1817 1112 beati
1835 1070 1859 1111 J
1861 1082 1906 1111 o-

1171 1130 1294 1170 annis
1332 1127 1650 1170 sacramentale
1687 1126 1907 1168 silentium

1074 1199 1190 1228 nova
1209 1186 1455 1227 Ecclesiam
1476 1190 1598 1227 tuam
1621 1183 1818 1236 martyrii
1837 1195 1907 1224 co-

1074 1245 1183 1284 rona
1209 1242 1446 1284 decorasti:
1476 1241 1548 1290 da,
1576 1246 1625 1282 ut
1648 1241 1740 1292 ejus
1765 1241 1907 1281 exem-

1074 1299 1150 1352 plo
1171 1303 1215 1340 et
1232 1298 1557 1345 intercessione,
1578 1297 1645 1338 ori
1662 1301 1816 1337 nostro
1837 1307 1908 1336 cu-

1077 1354 1267 1396 stodiam
1286 1355 1520 1406 ponentes,
1547 1353 1708 1402 beatis,
1735 1351 1810 1404 qui
1831 1351 1908 1392 lin-

1076 1424 1161 1463 gua
1181 1423 1269 1452 non
1289 1415 1391 1451 sunt
1409 1410 1538 1462 lapsi,
1562 1410 1909 1450 annumeremur.

1078 1468 1162 1509 Per
1180 1467 1430 1508 Dominum.

1351 1527 1418 1580 Ad
1443 1543 1645 1580 Tertiam.

1135 1609 1235 1647 Ant.
1260 1606 1354 1646 Rex
1374 1604 1495 1646 dixit.

1132 1671 1270 1723 Capit.
1298 1670 1452 1712 Labia.
1470 1674 1518 1710 ut
1538 1676 1682 1721 supra.

1133 1737 1184 1787 ΒΕ.
1200 1735 1262 1776 br.
1286 1735 1618 1776 Sacramentum
1633 1733 1749 1784 regis
1769 1732 1910 1774 *Abs-

1079 1790 1271 1831 condere
1285 1790 1450 1831 bonum
1465 1795 1544 1832 est.
1571 1790 1911 1831 Sacramentum.

1082 1840 1132 1892 V.
1159 1846 1307 1898 Opera
1332 1851 1479 1888 autem
1503 1846 1588 1887 Dei
1612 1844 1810 1887 revelare
1834 1843 1910 1886 ho-

1079 1902 1321 1943 norificum.
1389 1901 1691 1944 Abscondere.
1760 1899 1913 1941 Gloria

1079 1958 1210 2000 Patri.
1255 1958 1596 2000 Sacramentum.

1137 2015 1186 2066 V.
1209 2018 1332 2060 Pone
1357 2019 1548 2060 Domine
1573 2016 1821 2059 custodiam
1846 2015 1913 2057 ori

1079 2087 1191 2116 meo.
1227 2076 1278 2127 R.
1297 2075 1354 2116 Et
1382 2075 1543 2116 ostium
1571 2072 1912 2115 circumstantiae

1079 2130 1208 2172 labiis
1227 2131 1349 2172 meis.

1357 2201 1424 2237 Ad
1450 2199 1637 2236 Sextam.

1138 2259 1238 2299 Ant.
1268 2257 1528 2299 Affirmabat
1547 2270 1635 2298 rex.

1137 2317 1396 2370 Capitulum.
1572 2315 1703 2356 Eccli.
1718 2315 1783 2354 28.
1800 2312 1838 2353 d.

1082 2374 1224 2482 Sepi
1252 2391 1381 2420 aures
1408 2383 1507 2419 tuas
1535 2377 1689 2429 spinis,
1720 2376 1912 2426 linguam

1169 2448 1360 2487 nequam
1378 2434 1469 2475 noli
1487 2433 1656 2483 audire,
1682 2438 1726 2474 et
1750 2436 1815 2474 ori
1833 2436 1910 2473 tuo

1081 2491 1216 2533 facito
1238 2491 1362 2540 ostia,
1381 2494 1426 2531 et
1444 2502 1576 2531 seras.

1140 2550 1190 2601 R.
1210 2549 1273 2592 br.
1307 2551 1429 2592 Pone
1465 2550 1656 2591 Domine
1699 2548 1721 2571 *
1756 2548 1910 2590 Custo-

1084 2608 1202 2649 diam
1222 2607 1287 2648 ori
1304 2619 1415 2648 meo.
1443 2607 1576 2648 Pone.
1608 2602 1657 2652 V.
1673 2606 1729 2646 Et
1748 2605 1911 2645 ostium

1083 2663 1422 2705 circumstantiae
1447 2663 1575 2704 labiis
1600 2662 1720 2703 meis.
1758 2661 1910 2701 Custo-

1083 2719 1210 2760 diam.
1244 2718 1399 2760 Gloria
1415 2718 1546 2760 Patri.
1573 2718 1705 2759 Pone.
