2040 2976
194 195 284 238 [222]

221 291 286 332 Sit
308 291 404 332 Deo
429 293 644 332 aeternum
668 290 805 332 decus
829 303 957 332 omne
980 292 1023 332 in

505 360 659 396 aevum,

272 403 356 453 Qui
392 403 492 456 pius
528 403 667 444 nostri
702 403 875 453 generis
909 403 1024 445 Red-

505 460 689 511 emptor,

273 515 476 556 Criminis
502 515 647 556 labem
670 515 841 556 miseris
867 517 1024 557 nocen-

505 575 595 612 tem

453 627 672 678 Sanguine
690 627 825 668 tersit.
853 627 1006 667 Amen.

434 710 483 749 In
507 710 537 748 Ι.
560 695 784 750 Nocturno.

248 774 347 813 Ant.
384 773 628 813 Astiterunt
646 784 772 823 reges
791 776 932 813 terrae.

481 846 679 888 Psalmus
707 849 743 888 2.

198 915 213 948 f
228 909 299 969 ’.ὓ-»ς’
314 918 423 946 uare
445 905 715 947 fremuerunt
734 905 912 952 Gentes,
935 904 958 929 *
983 908 1027 944 et

196 1012 198 1017 ‚
227 960 283 1012 ‘15³³
306 1007 310 1015 ¹
336 961 489 1013 pepuli
512 961 712 1002 mediteti
733 965 836 1002 sunt
857 958 1025 1000 inenia?

201 1010 276 1037 ³⁸*-
294 1006 314 1036 '²⁴‘
368 1017 636 1067 ,Astiterunt
661 1030 788 1068 reges
813 1021 958 1064 terrae,
984 1020 1027 1056 et

194 1073 416 1125 principes
445 1075 744 1114 convenerunt
770 1073 815 1113 in
841 1085 976 1112 unum
1003 1071 1026 1096 *

197 1127 407 1170 adversus
441 1128 697 1178 Dominum,
735 1133 778 1170 et
814 1127 1026 1168 adversus

196 1184 415 1225 Christum
444 1185 545 1235 ejus.

247 1241 560 1292 Dirumpamus
572 1240 747 1281 vincula
762 1242 929 1281 eerum:
945 1239 969 1266 *
985 1243 1028 1280 et

195 1296 476 1348 projiciamus
488 1309 513 1337 a
523 1296 651 1337 nobis
661 1297 807 1347 jugum
818 1295 1027 1347 ipsorum.

248 1352 333 1402 Qui
364 1351 536 1393 habitat
570 1353 614 1393 in
649 1351 791 1401 coelis,
826 1350 1028 1392 irridebit

197 1421 290 1450 eos:
308 1410 331 1435 *
348 1413 391 1449 et
405 1408 621 1449 Dominus
637 1407 925 1449 subsannabit
941 1419 1027 1448 eos

248 1464 373 1505 Tunc
391 1464 596 1516 loquetur
614 1464 671 1506 ad
690 1477 767 1505 eos
791 1464 835 1504 in
855 1464 919 1504 ira
939 1476 1027 1512 sua,

196 1521 219 1546 *
240 1525 283 1561 et
302 1520 345 1560 in
365 1520 512 1562 furore
538 1533 618 1562 suo
639 1519 919 1562 conturbabit
939 1531 1028 1560 eos.

248 1577 344 1628 Ego
364 1582 511 1618 autem
531 1578 797 1618 constitutus
818 1590 914 1617 sum
929 1576 1028 1617 Rex

198 1633 253 1674 ab
274 1645 327 1674 eo
347 1645 479 1684 super
494 1633 599 1674 Sion
613 1638 808 1674 montem
828 1637 1028 1673 sanctum

198 1690 301 1740 ejus,
317 1689 341 1714 *
361 1689 610 1740 praedicans
633 1690 908 1741 praeceptum
928 1688 1028 1739 ejus.

248 1745 463 1786 Deminus
497 1745 607 1786 dixit
638 1745 695 1786 ad
727 1757 814 1786 me:
842 1746 866 1771 *
893 1744 1028 1784 Filius

197 1813 321 1842 meus
342 1813 389 1842 es
408 1805 467 1850 tu,
492 1813 574 1852 ego
595 1801 727 1842 hodie
746 1800 877 1852 genui
895 1805 950 1841 te.

248 1856 431 1898 Pestula
451 1870 476 1898 a
500 1870 582 1906 me,
607 1862 650 1898 et
674 1857 790 1898 dabo
815 1856 895 1897 tibi
915 1856 1028 1897 Gen-

198 1917 265 1953 tes
286 1912 592 1955 haereditatem
611 1918 743 1962 tuam,
757 1913 782 1938 *
798 1917 842 1954 et
855 1925 1027 1965 posses-

199 1969 369 2010 sionem
388 1974 507 2010 tuam
526 1969 740 2010 terminos
759 1973 901 2010 terrae.

250 2025 396 2074 Reges
423 2038 500 2066 eos
526 2027 571 2066 in
598 2026 723 2076 virga
750 2025 906 2074 ferrea,
934 2024 958 2050 *
986 2028 1030 2065 et

198 2085 422 2132 tamquam
441 2094 518 2122 vas
536 2082 659 2132 figuli
673 2081 921 2132 confringes
942 2093 1029 2122 eos.

249 2136 306 2176 Et
330 2150 444 2178 nunc
469 2150 595 2188 reges
618 2137 862 2188 intelligite:
884 2138 908 2163 *
934 2149 1028 2178 eru-

199 2191 352 2232 dimini
372 2193 446 2244 qui
465 2193 665 2244 judicatis
684 2198 857 2235 terram.

250 2247 418 2289 Servite
442 2249 634 2290 Demino
662 2250 706 2290 in
733 2250 906 2290 timere:
934 2249 957 2275 *
986 2253 1029 2290 et

199 2303 415 2345 exsultate
435 2305 475 2345 ei
499 2318 598 2345 cum
616 2307 820 2346 tremere.

251 2359 586 2412 Apprehendite
624 2361 916 2414 disciplinam,
956 2373 1027 2402 ne-

199 2415 376 2468 quando
413 2416 626 2457 irascatur
659 2417 893 2466 Deminus,
927 2418 950 2444 *
985 2421 1029 2458 et

198 2472 389 2524 pereatis
410 2471 464 2513 de
484 2472 554 2513 via
575 2473 698 2523 justa.

251 2528 361 2569 Cum
385 2528 597 2569 exarserit
622 2529 666 2568 in
689 2528 811 2569 brevi
837 2530 900 2569 ira
927 2529 1028 2579 ejuS,

198 2585 221 2609 *
240 2584 359 2626 beati
380 2596 531 2626 omnes
557 2584 631 2636 qui
652 2584 877 2625 confidunt
901 2585 943 2625 in
964 2597 1028 2626 eo.

254 2643 352 2684 Ant.
385 2645 635 2686 Astiterunt
659 2657 784 2695 reges
810 2650 956 2694 terrae,
985 2650 1028 2686 et

198 2701 420 2754 principes
464 2702 762 2743 convenerunt
806 2701 849 2740 in
895 2714 1028 2741 unum

594 201 771 235 Officium
794 201 970 235 votivum
995 201 1041 235 de
1067 200 1254 235 Passionc
1278 199 1322 233 D.
1343 199 1388 233 N.
1408 199 1441 232 J.
1463 198 1502 233 C.

1076 291 1287 332 adversus
1316 291 1569 341 Dominum,
1610 295 1654 332 et
1693 289 1904 332 adversus

1077 347 1295 389 Christum
1325 349 1426 399 ejus.

1132 416 1231 454 Ant.
1259 411 1535 464 Multiplicati
1554 416 1664 452 sunt.

1371 500 1567 540 l'salmus
1586 501 1623 539 3.

1080 565 1315 670 Domine
1349 566 1456 619 quid
1491 565 1771 618 multiplicati
1806 570 1907 607 sunt

1182 623 1257 675 qui
1285 622 1495 664 tribulant
1523 621 1615 663 me?
1641 622 1665 647 *
1693 621 1820 662 multi
1845 621 1906 662 in-

1078 683 1263 729 surgunt
1282 678 1517 720 adversum
1534 690 1616 719 me.

1129 735 1256 776 Multi
1272 735 1424 776 dicunt
1444 734 1602 775 {mimae
1617 746 1744 775 meae:
1761 733 1785 759 *
1803 733 1906 774 Non

1078 796 1146 833 est
1164 791 1282 832 salus
1300 791 1386 843 ipsi
1404 791 1450 831 in
1469 790 1566 831 Deo
1586 790 1688 841 ejus.
1751 807 1753 809 ¹

1129 847 1198 888 Tu
1243 852 1390 888 autem
1435 845 1626 887 Demine
1676 845 1907 897 susceptor

1077 916 1202 945 meus
1223 916 1281 953 eS,
1300 903 1324 928 *
1342 902 1484 953 gloria
1507 915 1616 952 mea,
1640 906 1684 943 et
1709 900 1907 942 exaltans

1079 965 1212 1012 caput
1230 972 1387 1000 meum.

1130 1016 1255 1057 Voce
1279 1028 1378 1056 mea
1405 1014 1462 1055 ad
1487 1013 1726 1055 Deminum
1751 1012 1907 1053 clama-

1079 1072 1137 1113 vi:
1172 1072 1195 1097 *
1233 1076 1276 1113 et
1312 1070 1535 1112 exaudivit
1566 1082 1638 1111 me
1671 1068 1726 1110 de
1757 1073 1908 1110 monte

1080 1132 1232 1169 sancto
1263 1139 1354 1168 suo.

1131 1184 1226 1234 Ego
1247 1183 1452 1233 dormivi,
1478 1187 1522 1224 et
1540 1183 1775 1235 soporatus
1795 1193 1909 1221 sum:

1079 1240 1102 1265 *
1127 1245 1170 1281 et
1194 1239 1436 1289 exsurrexi,
1460 1238 1563 1290 quia
1580 1238 1798 1280 Dominus
1817 1249 1907 1277 sus-

1080 1296 1198 1348 cepit
1217 1308 1298 1337 me.

1131 1352 1233 1393 Non
1270 1352 1435 1394 timebo
1472 1352 1607 1394 millia
1642 1354 1798 1407 pepuli
1829 1355 1907 1396 cir-

1081 1408 1328 1450 cumdantis
1351 1421 1437 1450 me:
1455 1409 1479 1434 *
1500 1413 1687 1460 exsurge
1706 1411 1908 1460 Domine,

1081 1465 1251 1506 salvum
1269 1477 1339 1506 me
1359 1465 1428 1506 fac
1448 1465 1570 1507 Deus
1588 1478 1724 1508 meus.

1133 1521 1351 1572 Quoniam
1387 1526 1435 1562 tu
1465 1523 1724 1574 percussisti
1755 1535 1909 1565 omnes

1081 1577 1366 1619 adversantes
1381 1577 1488 1618 mihi
1503 1577 1596 1620 sine
1612 1579 1792 1620 causae*
1807 1579 1909 1621 den·

1080 1638 1147 1675 tes
1165 1636 1452 1686 peccatorum
1471 1635 1728 1677 contrivisti.

1132 1690 1313 1730 Domini
1333 1694 1400 1731 est
1419 1690 1552 1731 salus:
1570 1691 1595 1717 ²⁸¹
1619 1695 1663 1733 et
1681 1704 1814 1744 super
1831 1694 1909 1744 pe-

1080 1745 1234 1798 pulum
1253 1750 1377 1787 tuum
1396 1745 1648 1788 benedictio
1667 1752 1754 1789 tua.

1134 1813 1233 1853 Ant.
1261 1810 1538 1863 Multiplicati
1559 1816 1660 1853 sunt
1681 1812 1755 1864 qui
1774 1812 1909 1854 tribu-

1077 1866 1168 1908 lant
1204 1879 1293 1917 me3
1331 1866 1456 1908 multi
1493 1867 1723 1919 insurgunt
1759 1868 1909 1910 adver-

1079 1935 1175 1963 sum
1194 1936 1275 1964 me.

1132 1992 1231 2032 Ant.
1260 1987 1522 2030 Diviserunt.

1359 2076 1558 2116 Psalmus
1577 2077 1634 2116 21.

1171 2155 1247 2183 eus
1271 2142 1393 2184 Deus
1418 2155 1542 2184 meus
1566 2143 1738 2196 respice
1761 2143 1806 2184 in
1828 2157 1912 2185 me:

1176 2211 1311 2250 quare
1331 2211 1401 2240 me
1426 2198 1720 2251 dereliquisti?
1739 2200 1763 2225 *
1781 2199 1912 2251 longe

1081 2267 1106 2294 a
1151 2254 1292 2296 salute
1336 2254 1435 2296 mea
1475 2255 1611 2296 verba
1652 2255 1913 2297 delictorum

1080 2312 1290 2351 meorum.

1133 2367 1256 2408 Deus
1287 2379 1412 2408 meus
1444 2366 1645 2408 clamabo
1677 2379 1757 2419 per
1786 2367 1912 2418 diem,

1082 2426 1126 2463 et
1143 2435 1232 2464 non
1251 2422 1476 2464 exaudies:
1496 2423 1520 2449 *
1540 2427 1584 2465 et
1601 2428 1743 2473 nocte,
1762 2427 1807 2465 et
1824 2436 1912 2464 non

1081 2477 1138 2519 ad
1156 2479 1448 2531 insipientiam
1467 2479 1584 2519 mihi.

1133 2534 1202 2575 Tu
1234 2540 1381 2576 autem
1412 2535 1456 2575 in
1490 2539 1644 2577 sancto
1672 2534 1861 2589 habitas,
1887 2535 1912 2561 *

1081 2590 1176 2631 laus
1195 2591 1343 2632 Israel.

1133 2647 1184 2687 In
1207 2651 1252 2688 te
1275 2649 1562 2700 speraverunt
1584 2651 1734 2699 patres
1757 2646 1911 2687 nostri:

1081 2703 1104 2728 *
1124 2705 1422 2755 speraverunt,
1442 2708 1486 2745 et
1505 2703 1702 2745 liberasti
1721 2714 1808 2744 eos.
