2040 2976
207 193 251 228 6*
317 199 384 232 Dic
398 200 450 231 ΞΕ).
468 199 565 237 Maii.
591 200 625 232 S.
644 198 833 231 Bonifacii
851 198 909 231 [V.
924 198 1015 240 Pap.
1031 203 1066 232 ct
1080 198 1188 231 (lons.
1206 203 1240 231 ct
1257 199 1315 231 330.
1332 199 1366 232 S.
1383 198 1522 232 Felicis
1537 199 1561 232 1.
1576 198 1668 241 Pap.
1683 204 1718 233 et
1732 199 1838 232 Mart.

471 289 554 330 Die
572 290 638 330 29.
658 290 770 342 Maii.

243 355 285 396 S.
303 355 548 397 Bonifaoii
565 357 648 398 IV.
666 358 799 409 Papae
821 363 863 398 et
883 357 1002 398 Conf.

540 420 703 463 Duplex.

264 473 398 508 Omnia
434 476 479 509 de
511 477 712 513 Communi
745 479 852 514 Conf.
883 479 1033 518 Pontis„

208 528 348 563 praetcr
372 533 476 566 sequ.
500 523 558 565 (m.
582 526 607 557 t.
631 526 680 565 v.)

260 574 402 609 Oratio.
428 576 496 619 Da,
521 576 753 619 quaesumus.

259 626 299 659 In
332 627 356 660 I.
389 628 588 664 Nocturno
621 632 824 666 Lectiones
858 632 904 665 de
935 632 1031 665 Scri-

207 679 316 716 ptura
344 683 575 712 occurrente.

430 742 478 780 In
506 744 556 783 ΙΙ.
584 745 807 784 Nocturno.

506 803 657 845 Lectio
679 805 730 845 iv.

211 860 525 902 ““ο1111”301115
548 860 673 912 hujus
696 861 882 903 nominis
907 875 1030 915 quar·

215 905 309 965 i
331 922 418 967 tus,
459 917 483 957 J
486 917 639 958 oannis
675 917 804 968 filius,
840 919 1031 960 Valeriae

211 963 309 998 :gn
331 973 575 1014 Marsorum
589 979 726 1023 natus,
747 983 800 1016 ex
815 975 1031 1017 monacho

205 1029 342 1070 sancti
365 1029 611 1071 Sebastiani
634 1035 757 1072 extra
780 1031 961 1082 Urbem,
989 1038 1032 1074 et

203 1085 467 1138 Presbytero
489 1085 722 1136 Cardinali,
747 1086 828 1129 sub
847 1087 1030 1141 impera-

202 1144 299 1183 tore
332 1141 497 1191 Phoca,
540 1141 596 1183 ad
629 1143 933 1194 pontificatum
966 1158 1029 1186 as-

204 1201 404 1251 si'1mptus
439 1203 522 1247 est,
564 1203 607 1240 et
645 1202 927 1248 consecratus
960 1201 1031 1243 die

201 1254 450 1304 Dominico,
498 1254 650 1306 quinto
695 1255 920 1297 Kalendas
957 1257 1029 1299 Se-

201 1310 431 1363 ptembris,
461 1323 573 1351 anno
601 1311 778 1352 Domini
807 1316 1028 1355 sexcente-

202 1367 311 1408 simo
332 1367 536 1419 septim0‚
565 1366 765 1420 seditque
784 1382 922 1410 annos
941 1383 1029 1420 sex,

200 1437 372 1465 menses
401 1428 520 1472 octo,
550 1423 643 1465 dies
669 1424 897 1476 tredecim,
926 1426 1029 1468 dua-

200 1479 282 1521 bus
302 1479 647 1522 ordinationibus
666 1482 858 1534 peractis
879 1496 1028 1525 mense

200 1536 448 1586 Decembri,
473 1536 517 1576 in
538 1536 695 1588 quibus
715 1540 949 1592 episcopos
968 1540 1027 1582 vi·

199 1593 307 1643 ginti
334 1593 543 1645 quinque,
572 1591 782 1636 diaconos
809 1601 911 1637 octo
938 1609 1027 1638 cre-

200 1649 300 1691 avit.

251 1708 301 1758 Rv.
327 1707 478 1748 Inveni
503 1705 649 1747 David
673 1719 848 1748 servum
871 1721 1027 1759 meum,

200 1761 298 1804 oleo
325 1768 478 1804 sancto
503 1775 603 1804 meo
627 1763 731 1804 unxi
757 1776 870 1805 eum:
894 1766 918 1792 ¹*
937 1765 1025 1806 Ma-

198 1832 279 1859 nus
296 1819 410 1860 enim
425 1832 523 1861 mea
537 1819 815 1861 auxiliabitur
831 1821 881 1862 ei.
897 1815 947 1868 Y.
961 1821 1029 1862 Ni—

198 1874 259 1915 hil
274 1875 476 1927 proficiet
491 1876 690 1917 inimicus
705 1876 749 1916 in
765 1889 829 1926 eo,
846 1882 889 1918 et
909 1877 1026 1919 filius

199 1931 439 1983 iniquitatis
463 1945 549 1973 non
573 1931 750 1973 nocebit
776 1932 826 1974 ei.
870 1933 1026 1975 Manus

200 1987 323 2028 enim.

503 2039 656 2081 Lectio
677 2055 715 2081 v,

267 2101 390 2142 tatim
414 2103 641 2153 paternam
666 2101 844 2143 domum
867 2102 911 2142 111
935 2115 1024 2144 mo-

276 2157 510 2198 nasterium
527 2158 674 2208 erexit,
691 2164 734 2200 et
749 2158 909 2200 fundos
921 2171 1025 2200 suos

197 2213 239 2253 in
267 2213 580 2255 monachorum
607 2228 734 2255 usum
765 2214 907 2256 eidem
935 2228 1022 2256 mo-

197 2269 388 2311 nasterio
422 2269 671 2323 adscripsit;
703 2271 784 2313 sed
815 2276 862 2312 ut
894 2271 1024 2323 longe

196 2326 347 2377 majori
367 2325 581 2368 beneficio
602 2327 725 2378 hujus
744 2328 930 2370 instituti
947 2327 1022 2370 ho-

196 2382 333 2423 mines
362 2381 445 2423 sibi
472 2381 781 2434 obstringeret,
810 2387 1022 2426 convoca-

195 2438 250 2479 tis
285 2437 341 2479 ad
373 2438 588 2490 sy'nodum
621 2439 758 2481 Italiae
791 2440 1023 2493 episcopis,

196 2495 357 2536 sanctis
372 2494 541 2545 legibus
555 2494 774 2537 labentem
788 2497 1021 2538 monacho-

196 2564 290 2591 rum
310 2551 583 2604 disciplinam
603 2553 802 2594 restituit.
831 2553 1022 2594 Mellitus

195 2606 485 2648 Londinensis
522 2610 777 2660 episcopus,
824 2609 897 2660 qui
935 2610 1021 2650 Ro·
1083 2635 1171 2652 κ

194 2676 310 2704 1113111
342 2666 537 2714 venerat,
577 2664 631 2706 de
665 2664 796 2706 rebus
827 2664 1021 2715 Anglicis

196 2718 357 2761 Christi
372 2720 596 2761 Vicarium
617 2720 905 2769 consulturus,
925 2723 1020 2772 syn-

1089 289 1177 331 odo
1192 290 1395 340 interfuit,
1409 290 1613 343 illiusque
1627 290 1804 333 decreta
1816 304 1915 333 cum

1086 346 1243 387 litteris
1290 346 1504 395 Bonifacii
1554 347 1598 388 in
1642 347 1914 390 Britanniam

1086 402 1197 443 tulit.

1140 467 1190 517 R.
1220 464 1354 505 Posui
1386 463 1650 515 adjuterium
1678 478 1810 519 super
1837 479 1913 520 po-

1085 521 1269 568 tentem,
1316 525 1359 562 et
1400 521 1590 563 exaltavi
1630 521 1818 565 electum
1857 522 1914 565 de

1085 576 1215 628 plebe
1256 589 1368 618 mea:
1407 580 1429 605 *
1465 578 1620 619 Manus
1662 579 1776 620 enim
1815 592 1914 622 mea

1086 633 1364 675 auxiliabitur
1398 634 1449 676 ei.
1506 631 1556 683 V.
1587 635 1741 677 Inveni
1767 636 1914 679 David

1085 701 1259 731 servum
1291 703 1452 741 meum,
1494 690 1594 733 oleo
1627 697 1780 734 sancto
1811 705 1912 735 meo

1084 746 1190 787 unxi
1213 759 1323 788 eum.
1359 747 1527 788 Manus.

1386 815 1539 857 Lectio
1558 817 1611 857 vi.

1086 870 1191 976 Ab
1223 877 1490 930 imperatore
1516 877 1667 920 Phoca
1695 880 1912 921 sanctissi-

1200 946 1297 975 mus
1332 934 1537 976 Pontifex
1571 934 1718 977 nobile
1755 935 1912 978 Romae

1085 988 1331 1040 delubrum,
1350 990 1580 1032 Pantheon
1600 991 1782 1042 scilicet,
1802 991 1911 1034 obti-

1083 1046 1191 1088 nuit:
1223 1046 1460 1089 christiano
1494 1048 1579 1090 ritu
1608 1050 1912 1090 consecratum

1083 1101 1127 1142 in
1162 1102 1394 1144 ecclesiam
1425 1103 1633 1157 Deiparae
1664 1104 1836 1156 Virgini
1868 1110 1912 1148 et

1083 1159 1244 1200 sanctis
1269 1159 1534 1212 Martyribus
1561 1159 1751 1204 dicatam
1773 1163 1911 1204 muta-

1083 1214 1155 1256 vit.
1189 1216 1262 1256 Ad
1283 1218 1493 1267 majorem
1516 1217 1794 1259 sanctitatem
1811 1230 1910 1260 con-

1083 1270 1334 1322 ciliandam,
1360 1272 1664 1315 incredibilem
1689 1275 1912 1316 sacrarum

1082 1327 1364 1380 reliquiarum
1390 1330 1496 1380 vim,
1524 1342 1579 1371 ex
1607 1329 1792 1372 diversis
1819 1343 1910 1372 are·

1081 1384 1214 1425 1131115
1250 1384 1469 1436 eductam,
1509 1386 1672 1436 inferri,
1713 1391 1757 1429 et
1791 1387 1911 1439 juxta

1081 1441 1324 1494 principem
1375 1455 1497 1484 aram
1549 1441 1679 1485 condi
1731 1443 1910 1486 curavit.

1081 1497 1281 1549 Denique
1315 1498 1396 1540 sub
1429 1499 1635 1542 Heraclio
1667 1499 1828 1542 virtute
1859 1512 1911 1542 ac

1081 1554 1246 1595 meritis
1280 1555 1423 1597 clarus
1455 1555 1722 1598 obdormivit
1752 1555 1797 1597 in
1821 1556 1909 1598 Do-

1080 1610 1218 1660 mino,
1247 1613 1408 1654 octavo
1433 1612 1660 1654 Kalendas
1684 1613 1815 1662 Junii,
1845 1625 1908 1654 se-

1079 1665 1320 1719 pultusque
1340 1673 1408 1710 est
1426 1668 1469 1709 in
1487 1668 1717 1711 Vaticano.

1133 1730 1184 1781 Rv.
1208 1727 1298 1769 Iste
1319 1734 1386 1771 est
1406 1730 1491 1782 qui.

1130 1806 1174 1841 In
1197 1807 1262 1842 111.
1286 1807 1486 1844 Nocturno
1510 1809 1682 1844 Homilia
1703 1809 1743 1844 in
1759 1810 1905 1854 Evang.

1079 1854 1206 1889 Homo
1223 1856 1394 1900 peregre.
1418 1857 1464 1891 de
1482 1858 1619 1892 eodem
1637 1858 1743 1894 Com.
1764 1859 1791 1893 1.
1808 1859 1905 1894 loco.

1343 1955 1427 1997 Die
1444 1956 1515 1997 30.
1534 1955 1647 2008 Maji.
1836 1987 1839 1989 —

1095 2078 1102 2087 ἡ
1165 2023 1207 2063 S.
1226 2022 1406 2064 Felicis
1425 2023 1461 2064 1.
1478 2021 1613 2075 Papae
1633 2027 1676 2064 et
1695 2023 1820 2065 Mart.

1408 2087 1573 2131 Duplex.

1129 2146 1265 2181 Omnia
1309 2147 1356 2182 de
1397 2148 1599 2183 Communi
1643 2149 1759 2184 unius
1796 2149 1903 2184 Mart.

1076 2199 1216 2237 praeter
1241 2205 1345 2239 sequ.

1128 2250 1271 2286 Oratio.
1296 2251 1571 2287 Infirmiteitem.

1126 2307 1170 2341 In
1200 2308 1227 2342 Ι.
1258 2308 1458 2344 Nocturno
1495 2309 1699 2345 Lectiones
1730 2310 1776 2345 de
1805 2310 1903 2345 Scri-

1075 2359 1187 2398 ptura
1213 2362 1445 2392 occurrente.

1303 2427 1352 2466 In
1375 2427 1426 2466 ΙΙ.
1450 2427 1673 2467 Nocturno.

1380 2497 1532 2538 Lectio
1553 2497 1605 2536 iv.

1194 2553 1290 2603 elix,
1302 2554 1538 2602 Romanus,
1552 2560 1678 2607 patre
1690 2554 1899 2596 Constan-

1219 2610 1296 2659 tio,
1351 2610 1588 2652 Aureliano
1636 2611 1901 2663 imperatore

1219 2666 1393 2718 praefuit
1411 2666 1635 2708 Ecclesiae.
1663 2667 1899 2709 Constituit

1074 2726 1121 2763 ut
1135 2722 1269 2763 Missa
1289 2735 1423 2775 supra
1441 2723 1673 2765 memorias
1693 2728 1738 2765 et
1756 2723 1898 2776 sepul-
