2040 2976
521 217 593 251 Die
617 219 650 251 ὃ.
674 217 779 251 Julii.
824 217 866 251 B.
891 218 1054 260 Eugenii
1078 219 1140 252 ΙΙΙ.
1166 219 1283 262 Papae
1309 224 1343 253 ct
1369 220 1476 253 Conf.

1783 224 1846 260 15*

204 316 256 367 R,
277 314 429 356 Inveni
451 314 597 356 David
624 327 797 356 servum
818 314 973 364 meum,

151 370 250 413 oleo
274 376 427 413 sancto
450 383 550 412 meo
573 371 678 412 unxi
703 384 814 412 eum:
841 373 863 397 *
884 371 972 412 Ma-

148 440 230 468 nus
245 427 360 469 enim
372 440 471 468 mea
486 426 763 469 auxiliabitur
777 428 826 468 ei.
843 423 895 475 V.
907 427 975 468 Ni·

149 483 211 524 hil
236 483 440 536 proficiet
466 483 665 524 inimicus
692 483 736 524 in
762 496 830 533 eo,
858 489 902 526 et
928 484 974 524 fi-

149 539 232 586 lius
250 539 490 592 iniquitatis
509 552 598 582 non
616 538 792 582 nocebit
811 540 860 581 ei.
885 540 972 581 Ma-

149 609 230 639 nus
250 597 376 638 enim.
682 612 685 614 -

460 647 611 688 Lectio
631 661 669 687 v.

152 703 385 811 Viterbii
409 711 699 762 commorans,
723 710 893 762 Angliae
916 709 973 752 le-

269 768 408 817 gattos,
427 767 602 817 Scotiae,
623 767 879 817 Germaniae,
898 767 974 807 Hi-

154 823 320 875 spaniae
353 828 397 865 et
429 823 585 865 Galliae
617 824 811 876 excepit,
842 823 975 865 beato

149 879 281 929 Petro
299 880 345 921 in
364 880 455 932 ejus
473 882 664 933 persona
683 879 976 922 obedientiam

152 941 196 978 et
215 936 475 989 obsequium
493 937 766 989 profitentes3
784 937 976 989 itemque

150 993 384 1036 nonnullos
399 993 620 1035 Armeniae
640 995 884 1046 episcopos,
903 994 977 1046 qui

151 1053 331 1104 insuper
372 1050 703 1103 Metropolitani
744 1063 795 1092 ac
836 1051 976 1102 gentis

147 1111 244 1149 'suae
267 1107 443 1149 nomine
467 1106 522 1148 de
545 1106 819 1159 gravioribus
840 1108 975 1148 orien-

152 1164 252 1206 talis
276 1164 476 1206 ecclesiae
500 1163 687 1215 negotiis
714 1164 803 1214 ejus
829 1163 975 1215 exqui-

153 1220 347 1262 siverunt
373 1220 644 1262 sententiam.
679 1219 907 1261 Profectus
934 1220 977 1260 in

155 1277 358 1327 Galliam,
383 1276 567 1319 concilia
591 1276 771 1318 Rhemis
799 1289 849 1317 ac
873 1276 977 1317 Tre-

153 1334 257 1375 viris
275 1333 524 1383 celebravit,
543 1333 588 1374 in
608 1333 764 1385 quibus
781 1333 915 1374 Eonis
935 1337 979 1374 et

154 1390 340 1432 Gilberti
365 1390 595 1432 Porretani
625 1390 886 1442 proscripsit
916 1402 977 1431 er-

153 1448 288 1496 rores,
308 1446 480 1498 aliaque
498 1445 625 1499 plura
641 1446 860 1498 sapienter
879 1458 978 1487 con-

154 1502 294 1544 stituit
318 1501 375 1544 ad
395 1502 499 1543 cleri
523 1501 811 1555 disciplinam,
836 1506 880 1542 et
898 1501 977 1542 Ec-

155 1558 300 1601 clesiae
313 1558 572 1600 libertatem.
595 1558 806 1600 Coenobia
821 1557 978 1599 deinde

155 1615 475 1657 Claravallense
504 1628 556 1656 ac
582 1614 869 1656 Cisterciense
894 1627 980 1655 una

156 1685 255 1714 cum
278 1671 678 1714 sancto-Bernardo
705 1671 850 1712 invisit
868 1684 977 1723 prae-

154 1729 282 1770 claris
307 1728 471 1781 ubique
496 1733 659 1770 sanetae
685 1727 978 1769 conversatio-

152 1785 220 1826 nis
253 1785 465 1838 exemplis
496 1785 671 1826 relictis.
716 1784 786 1826 Ab
824 1783 980 1825 eodem

154 1841 382 1883 Bernardo
410 1841 617 1883 salutaria
641 1840 807 1882 monita
833 1840 978 1891 exqui-

154 1898 255 1939 sivit
297 1897 354 1940 ad
395 1898 639 1940 Ecclesiam
679 1896 979 1938 administran-

154 1953 266 2006 dam,
285 1960 330 1997 et
348 1954 606 2008 apostolicae
625 1953 750 1996 Sedis
769 1954 861 2004 jura
879 1965 978 2005 pro-

153 2011 334 2062 tuenda;
362 2011 435 2053 ille
463 2023 569 2053 vero
599 2010 638 2052 ei
665 2009 907 2063 pretiosum
933 2009 979 2049 li-

67 2073 70 2076 ·
153 2066 281 2108 brum
295 2067 350 2109 de
366 2066 727 2109 Consideratione
742 2064 875 2114 dedit,
891 2077 978 2116 quo

153 2123 380 2165 Pontificis
421 2123 720 2177 principisque
762 2133 979 2174 praeroga-

154 2181 258 2221 tivae
297 2184 341 2221 et
381 2180 526 2222 officia
562 2178 732 2220 coelesti
768 2176 980 2230 sapientia

156 2234 444 2278 declarantur.
504 2235 767 2277 Litterarum
805 2244 980 2286 quoque

157 2292 299 2334 cultor
323 2292 533 2345 eximius,
547 2304 645 2332 cum
670 2289 906 2340 theologiae
930 2301 981 2329 ac

156 2347 508 2401 jurisprudentiae
539 2347 794 2389 reformavit
826 2344 980 2394 studia,

156 2409 251 2446 tum
277 2404 567 2453 academicos,
594 2403 658 2445 uti
685 2406 860 2451 vocant,
888 2413 980 2452 gra-

159 2459 240 2502 dus
274 2461 478 2510 instituit,
516 2473 603 2512 quo
640 2457 982 2500 adolescentium

159 2517 326 2559 animos
346 2517 581 2558 alacriores
600 2515 814 2556 redderet.

211 2571 263 2628 R.
284 2573 426 2614 ‘Posui
457 2572 718 2624 adjutorium
748 2582 879 2622 super
904 2581 980 2621 po-

159 2629 338 2678 tentem,
385 2634 430 2671 et
470 2628 659 2670 exaltavi
698 2626 884 2668 electum
927 2623 982 2665 de

160 2684 290 2737 plebe
329 2698 441 2727 mea:
472 2690 500 2712 ·*
522 2684 692 2733 >Manus
734 2681 846 2723 enim
885 2691 983 2720 mea

159 2740 438 2784 auxiliabitur
475 2741 525 2782 ei.
570 2737 620 2788 V.
656 2737 807 2780 Inveni
839 2734 984 2777 David

1027 327 1198 357 servum
1233 330 1395 367 meum,
1432 317 1530 359 oleo
1563 323 1715 360 sancto
1745 332 1844 361 meo

1025 372 1128 413 unxi
1146 385 1254 415 eum.
1289 374 1452 417 Manus.

1327 440 1478 480 Lectio
1500 440 1550 479 vi.

1096 503 1279 554 ingulari
1305 504 1426 557 pacis
1454 504 1654 547 fovendae
1683 505 1844 559 cupidi-

1120 562 1227 610 tate,
1253 573 1379 602 curas
1399 573 1550 603 omnes
1576 561 1774 612 intendit,
1798 567 1847 604 ut

1027 615 1272 657 discordias
1290 616 1474 658 Pisanos
1492 618 1603 660 inter
1622 623 1665 659 et
1683 618 1846 660 Lucen-

1027 685 1098 713 ses
1123 675 1417 725 componeret.
1450 674 1670 716 Decorem
1691 674 1847 716 domus

1026 729 1110 770 Dei
1147 731 1423 782 summopere
1458 730 1626 772 dilexit:
1667 743 1767 772 nam
1805 736 1848 772 et

1026 785 1254 827 basilicam
1293 785 1569 827 Liberianam
1610 787 1848 839 pulchriori

1028 841 1254 884 decoravit
1286 844 1462 892 ornatu,
1497 847 1540 884 et
1572 843 1655 884 alia
1685 843 1849 896 templa

1029 898 1295 951 quamphira,
1319 903 1394 940 aut
1412 898 1573 948 refecit,
1599 904 1672 940 aut
1690 900 1848 951 pretio-

1029 955 1087 996 sis
1107 956 1233 997 donis
1256 955 1422 997 ditavit.
1458 955 1686 996 Vaticanae
1705 960 1849 997 autem

1028 1012 1222 1053 basilicae
1243 1016 1441 1064 quartam
1460 1010 1728 1053 oblationum
1753 1025 1848 1064 par-

1027 1074 1117 1110 tem
1154 1068 1235 1110 sibi
1272 1068 1326 1110 de
1361 1081 1482 1110 more
1519 1069 1849 1120 competentem,

1028 1130 1190 1178 praeter
1239 1124 1453 1166 decimam
1503 1125 1587 1175 jam
1629 1137 1654 1164 a
1698 1129 1849 1165 sancto

1028 1182 1176 1223 Leone
1194 1194 1310 1223 nono
1326 1181 1642 1234 Apostolorum
1660 1180 1851 1233 Principi

1030 1237 1300 1288 attributam,
1335 1237 1539 1288 elargitus
1571 1241 1648 1277 est.
1697 1237 1849 1278 Henri-

1031 1308 1129 1335 cum
1167 1294 1496 1347 imperatorem,
1537 1293 1851 1335 catholicorum

1030 1350 1276 1403 principum
1306 1349 1452 1392 nobile
1485 1350 1723 1403 exemplar,
1756 1362 1850 1390 san-

1031 1409 1200 1449 ctorum
1224 1407 1268 1447 in
1291 1406 1436 1448 album
1461 1406 1617 1448 retulit.
1654 1405 1852 1454 Tandem

1030 1463 1204 1514 Tibure,
1225 1475 1312 1515 quo
1333 1465 1510 1504 aestivos
1530 1462 1698 1504 calores
1717 1462 1851 1503 vitan-

1032 1518 1076 1562 di
1095 1533 1225 1561 causa
1244 1519 1299 1560 ab
1315 1519 1432 1561 Urbe
1453 1520 1738 1567 concesserat,
1758 1531 1850 1569 gra-

1031 1577 1074 1617 vi
1100 1575 1255 1618 morbo
1292 1575 1546 1628 implicitus,
1579 1579 1765 1616 mortem
1794 1575 1851 1625 ju-

1032 1635 1200 1674 storum
1226 1632 1411 1685 oppetiit
1438 1633 1596 1673 octavo
1619 1631 1724 1672 Idus
1751 1630 1775 1671 J
1778 1630 1853 1671 ulii

1032 1702 1145 1731 anno
1186 1687 1415 1730 millesimo
1459 1687 1694 1729 centesimo
1732 1686 1851 1738 quin-

1034 1746 1286 1798 quagesimo
1331 1744 1481 1794 tertio,
1531 1748 1765 1795 postquam
1810 1742 1852 1782 in

1031 1802 1150 1844 Petri
1170 1801 1378 1842 cathedra
1403 1799 1588 1841 sedisset
1606 1804 1712 1840 afios
1740 1803 1852 1847 octo,

1032 1863 1076 1900 et
1110 1869 1282 1899 menses
1320 1858 1517 1909 quatuor.
1563 1855 1732 1907 Corpus
1765 1854 1851 1895 Ro-

1031 1927 1146 1955 mam
1183 1913 1392 1962 delatum,
1435 1911 1658 1952 conditum
1693 1910 1773 1951 fuit
1808 1910 1852 1950 in

1031 1970 1257 2018 Vaticano,
1277 1981 1362 2010 una
1379 1981 1477 2010 cum
1495 1967 1633 2009 sancti
1652 1966 1852 2017 Gregorii

1031 2027 1149 2068 tertii
1167 2031 1211 2068 et
1224 2025 1343 2067 beati
1357 2024 1476 2066 Petri
1490 2024 1656 2065 Levitae
1674 2022 1851 2064 exuviis.

1031 2084 1210 2125 Sacrum
1250 2093 1383 2134 porro
1424 2079 1587 2122 cultum
1626 2079 1710 2130 iam
1748 2082 1853 2120 tunc

1031 2138 1339 2181 miraculorum
1360 2136 1596 2179 accedente
1619 2134 1787 2185 fulgore
1813 2134 1853 2175 ei

1033 2195 1291 2243 exhibitum,
1323 2198 1366 2235 et
1392 2193 1436 2234 in
1464 2191 1559 2234 aliis
1589 2203 1763 2244 quoque
1790 2202 1852 2231 re-

1032 2251 1249 2304 gionibus,
1283 2249 1340 2291 ad
1366 2249 1462 2290 haec
1489 2259 1628 2300 usque
1654 2248 1853 2299 tempora

1032 2309 1265 2359 vigentem,
1293 2305 1495 2347 Summus
1521 2303 1723 2345 Pontifex
1750 2302 1852 2343 Pius

1032 2376 1189 2412 nonus,
1213 2375 1268 2403 ex
1291 2362 1521 2403 Sacrorum
1544 2359 1722 2400 Rituum
1742 2357 1850 2399 Con-

1032 2418 1297 2471 gregationis
1317 2415 1528 2465 consulto,
1542 2419 1683 2456 ratum
1700 2412 1852 2455 habuit

1034 2481 1077 2517 et
1096 2473 1381 2516 confirmavit.

1085 2540 1135 2590 R.
1159 2535 1250 2575 Iste
1270 2537 1337 2574 est
1355 2532 1439 2584 qui.

1085 2616 1128 2649 In
1157 2615 1220 2649 III.
1244 2615 1441 2650 Nocturno
1469 2609 1608 2645 Homil.
1636 2608 1674 2641 in
1704 2606 1847 2647 Evang.

1039 2664 1162 2697 Homo
1195 2660 1364 2703 peregre.
1400 2661 1446 2694 de
1481 2658 1615 2692 eodem
1650 2653 1849 2689 Communi

1036 2713 1063 2745 1.
1086 2711 1183 2745 loco.
