2040 2976
173 220 246 255 360

517 212 583 245 oie
608 213 658 245 215.
686 212 801 244 Junii.
850 214 904 244 ὃς,
931 212 1094 245 Joannis
1121 218 1156 245 ct
1183 211 1290 244 Pauli
1316 211 1535 254 Martyrum.

230 315 296 355 Ad
326 314 497 363 Magnis.
535 315 632 354 Ant.
680 314 924 356 Astiterunt
949 315 1006 366 ju-

175 371 232 412 sti
257 375 358 412 ante
382 370 638 420 Deminum,
667 376 710 412 et
738 370 794 412 ab
819 370 1007 412 invicem

175 440 262 468 non
275 432 375 469 sunt
387 427 595 480 separati:
606 426 787 468 calicem
799 427 886 467 Dfii
895 426 1008 468 bibe·

175 489 290 534 runt,
311 488 354 526 et
373 484 502 526 amici
521 483 606 525 Dei
625 483 837 536 appellati
856 488 967 525 sunt.

508 550 672 591 Oratio.

173 593 500 717 Quaesumus,
549 613 828 664 omnipotens
870 611 1007 652 Deus:

279 674 328 710 ut
367 681 448 710 nos
489 668 709 719 geminata
744 667 897 709 laetitia
931 667 1006 709 ho-

176 725 339 767 diernae
371 725 624 767 festivitatis
658 724 865 776 excipiat,
908 737 1007 776 quae

175 782 230 824 de
250 782 482 824 beatorum
500 782 524 822 J
528 781 682 823 oannis
707 786 750 822 et
767 780 893 821 Pauli
916 780 1006 832 glo-

175 839 419 881 rificatiene
452 838 673 892 procedit;
707 850 819 889 quos
853 836 1007 879 eadem

175 895 286 937 fides
311 901 355 937 et
379 896 531 949 passio
550 907 654 937 vere
674 894 777 936 fecit
796 907 894 936 esse
913 906 1006 945 ger-

174 955 341 994 manos.
368 953 454 995 Per
474 953 722 994 Dominum.

229 1017 272 1051 Et
294 1019 333 1052 fit
360 1027 555 1052 commem.
581 1016 745 1060 praeced.

228 1071 326 1110 Ant.
350 1070 431 1111 Hic
446 1070 512 1110 vir
532 1068 780 1122 despiciens
795 1067 1007 1110 mundum

177 1132 221 1168 et
258 1129 449 1176 terrena,
493 1126 786 1179 triumphans,
833 1125 1007 1167 divitias

176 1184 291 1227 coelo
311 1182 511 1226 condidit
528 1196 616 1233 ore,
634 1196 777 1224 manu.

227 1241 275 1292 V.
296 1247 320 1287 J
323 1250 471 1287 ustum
491 1244 676 1287 deduxit
690 1244 908 1286 Deminus
926 1256 1007 1296 per

174 1304 267 1344 vias
290 1308 445 1344 rectas.
478 1302 527 1353 R.
554 1303 611 1343 Et
636 1300 831 1344 ostendit
854 1300 917 1341 illi
941 1313 1005 1341 re-

173 1373 306 1411 gnum
325 1360 420 1401 Dei.

225 1421 388 1462 Oratio.
406 1422 443 1461 D
451 1433 539 1470 eus,
557 1421 631 1472 qui
645 1419 897 1461 infirmitati.
912 1419 1006 1460 358.

227 1488 374 1521 Deinde
400 1487 479 1521 Oct.
506 1488 539 1521 S
566 1486 740 1521 Joannis.

233 1543 330 1581 Ant.
372 1541 481 1581 Puer
514 1539 588 1591 qui
615 1544 743 1581 natus
773 1544 839 1581 est
866 1538 1006 1588 nobis,

176 1596 275 1648 plus
305 1609 436 1647 quam
468 1595 691 1649 Propheta
721 1601 801 1637 est:
833 1595 906 1637 hic
939 1600 1006 1637 est

175 1653 306 1702 enim,
339 1653 395 1694 de
425 1666 513 1705 quo
542 1653 745 1694 Salvator
774 1653 848 1695 ait:
886 1653 1006 1694 Inter

173 1714 301 1751 natos
329 1709 560 1761 mulierum
587 1722 675 1751 non
703 1709 891 1751 surrexit
918 1722 1005 1750 ma-

174 1766 238 1817 jor
257 1766 282 1807 J
285 1769 425 1808 oanne
443 1767 656 1819 Baptista.

227 1825 277 1876 Y.
296 1829 387 1870 Iste
404 1841 515 1881 puer
529 1841 713 1880 magnus
730 1840 879 1869 coram
894 1827 1005 1869 Dfio.

176 1888 225 1939 Rg.
240 1885 354 1926 Nam
370 1890 414 1927 et
428 1899 583 1927 manus
599 1886 691 1938 ejus
703 1898 803 1927 cum
813 1885 911 1938 ipso
928 1889 1005 1926 est.

507 1951 671 1991 Oratio.

175 2009 357 2115 DeuS,
392 2013 466 2065 qui
498 2014 761 2066 praesentem
787 2012 904 2054 diem
930 2012 1004 2054 ho-

267 2070 511 2111 norabilem
527 2069 654 2111 nobis
668 2069 712 2110 in
725 2069 845 2111 beati
854 2070 879 2110 J
883 2069 1006 2110 oafiis

175 2126 405 2168 nativitate
438 2127 594 2168 fecisti:
627 2125 684 2168 da
715 2126 893 2179 populis
920 2126 1006 2167 tuis

176 2183 467 2236 spiritualium
503 2183 690 2234 gratiam
727 2182 1006 2234 gaudierum3

175 2244 219 2281 et
243 2240 437 2281 emnium
460 2239 656 2281 fidelium
674 2244 843 2282 mentes
867 2238 1007 2292 dirige

175 2297 218 2337 in
242 2296 357 2338 viam
381 2296 536 2338 salutis
561 2299 751 2338 aeternae.
775 2298 860 2338 Per
880 2297 1006 2338 Dfim.

409 2383 458 2421 In
486 2383 514 2421 Ι.
544 2381 768 2420 Nocturno.

175 2455 242 2496 De
269 2454 471 2507 Epistola
502 2454 622 2496 beati
648 2454 773 2495 Pauli
799 2453 1007 2507 Apestoli

437 2511 494 2553 ad
514 2512 752 2552 Romanos.

279 2574 431 2616 Lectio
454 2574 477 2613 i.
689 2572 791 2625 Cap.
811 2574 847 2611 8.
868 2586 902 2613 e.

180 2648 190 2670 r.
214 2664 272 2701 rs
296 2647 455 2684 ratres:
481 2642 718 2684 Debiteres
745 2655 895 2683 sumus
919 2655 1006 2684 non

180 2728 189 2743 κ,
229 2695 288 2757 5}
314 2699 450 2749 carni,
482 2705 530 2741 ut
559 2698 801 2740 secundum
832 2711 1007 2740 carnem

185 2760 188 2762 ’
226 2754 288 2782 ἕῗὲἻ
314 2756 524 2798 vivamus.
557 2756 602 2797 Si
626 2756 741 2797 enim
764 2754 1007 2797 secundum

1060 325 1236 354 carnem
1254 312 1466 362 vixeritis,
1484 312 1744 354 moriemini:
1764 313 1802 354 si
1819 326 1891 355 au-

1059 374 1149 411 tem
1175 368 1333 422 spiritu
1358 369 1473 411 facta
1497 369 1638 410 carnis
1657 369 1890 412 mortifica-

1060 425 1226 475 veritis,
1257 425 1428 467 vivetis.
1469 425 1745 478 Quicumque
1777 426 1892 468 enim

1060 483 1218 536 spiritu
1250 482 1335 524 Dei
1367 485 1571 533 aguntur,
1613 482 1643 523 ii
1681 487 1782 525 sunt
1814 483 1892 524 filii

1059 539 1155 581 Dei.
1182 539 1285 581 Non
1304 539 1419 580 enim
1438 539 1674 592 accepistis
1690 539 1893 593 spiritum

1060 596 1285 638 servitutis
1322 598 1482 638 iterum
1516 596 1562 636 in
1596 595 1771 646 timere,
1812 594 1893 638 sed

1060 653 1294 706 accepistis
1327 653 1529 706 spiritum
1562 652 1814 706 adoptienis
1845 652 1892 694 fi-

1059 709 1235 760 liarum,
1267 710 1311 750 in
1345 722 1433 762 quo
1466 709 1722 751 clamamus:
1761 708 1893 752 Abba

1060 766 1233 818 (Pater).
1275 768 1379 819 Ipse
1411 766 1527 808 enim
1553 766 1741 819 Spiritus
1772 767 1892 809 testi-

1060 824 1256 865 menium
1306 822 1454 865 reddit
1503 823 1676 876 spiritui
1720 828 1893 874 nostro,

1061 879 1182 932 quod
1201 893 1350 921 sumus
1370 879 1449 920 filii
1463 879 1558 921 Dei.
1583 879 1629 921 Si
1643 884 1791 922 autem
1804 879 1893 931 fssii,

1061 941 1105 978 et
1128 936 1345 979 haeredes:
1372 936 1576 978 haeredes
1602 935 1780 989 quidem
1797 936 1893 987 Dei,

1060 993 1318 1035 cohaeredes
1356 999 1505 1036 autem
1538 993 1716 1035 Christi:
1761 993 1800 1035 si
1830 997 1892 1035 ta-

1059 1062 1160 1092 men
1180 1051 1489 1104 compatimur,
1512 1055 1562 1092 ut
1581 1055 1625 1092 et
1645 1049 1892 1102 conglorifi-

1061 1109 1220 1149 cemur.
1261 1107 1479 1150 Existimo
1511 1107 1626 1149 enim
1655 1106 1777 1160 quod
1804 1119 1893 1149 non

1060 1163 1163 1206 sunt
1207 1163 1440 1216 condignae
1488 1164 1718 1217 passiones
1766 1163 1894 1216 hujus

1059 1221 1273 1274 temporis
1292 1221 1350 1263 ad
1367 1221 1560 1263 futaram
1577 1220 1773 1273 gloriam,
1794 1233 1893 1274 quae

1060 1277 1329 1320 revelabitur
1354 1277 1399 1318 in
1422 1277 1562 1319 nobis.
1598 1277 1714 1319 Nam
1739 1290 1892 1330 exspe-

1060 1334 1195 1376 ctatio
1217 1337 1432 1377 creaturae
1451 1333 1766 1376 revelationem
1784 1333 1893 1376 filie-

1059 1404 1157 1433 rum
1175 1392 1261 1434 Dei
1280 1394 1519 1445 exspectat.

1114 1449 1164 1500 Rg.
1194 1449 1274 1491 Isti
1299 1454 1400 1491 sunt
1429 1448 1519 1490 duo
1544 1447 1625 1489 viri
1648 1447 1891 1490 misericer-

1063 1505 1164 1554 diae,
1192 1506 1267 1558 qui
1291 1507 1503 1547 assistunt
1527 1509 1627 1546 ante
1646 1505 1894 1556 D6minum,

1062 1562 1084 1585 *
1121 1562 1457 1604 Dominaterem
1497 1561 1715 1603 universae
1751 1566 1894 1603 terrae.

1061 1615 1112 1666 V.
1129 1619 1209 1661 Isti
1229 1623 1330 1660 sunt
1349 1617 1449 1660 duae
1469 1618 1610 1668 olivae,
1631 1622 1675 1659 et
1690 1617 1779 1659 duo
1796 1631 1893 1660 can-

1060 1674 1242 1718 delabra
1278 1675 1471 1717 lucentia
1507 1679 1608 1717 ante
1643 1674 1893 1716 Deminum.

1059 1733 1406 1775 Dominatorem.

1373 1786 1525 1828 Lectio
1546 1786 1585 1825 ii.

1129 1846 1267 1888 cimus
1287 1852 1434 1889 autem
1455 1846 1662 1899 queniam
1680 1845 1892 1898 diligenti-

1147 1903 1229 1945 bus
1253 1904 1397 1946 Deum
1421 1903 1569 1946 emnia
1594 1904 1893 1956 cooperantur

1059 1961 1103 2002 in
1122 1959 1306 2011 bonum,
1332 1961 1402 2010 iis,
1429 1960 1504 2013 qui
1527 1959 1770 2002 secundum
1791 1971 1892 2012 pro-

1059 2017 1256 2071 positum
1284 2017 1432 2059 vocati
1458 2022 1559 2059 sunt
1587 2017 1738 2058 sancti.
1776 2015 1892 2058 Nam

1061 2087 1174 2127 quos
1201 2075 1442 2128 praescivit,
1480 2079 1524 2116 et
1556 2073 1893 2127 praedestinavit

1061 2130 1309 2173 confermes
1337 2131 1434 2173 fieri
1459 2130 1661 2182 imaginis
1688 2129 1787 2171 Filii
1813 2129 1892 2180 sui,

1059 2192 1108 2229 ut
1134 2187 1190 2230 sit
1214 2187 1310 2241 ipse
1335 2187 1655 2241 primogenitus
1680 2186 1725 2228 in
1743 2186 1892 2228 multis

1059 2244 1280 2287 fratribus.
1305 2245 1427 2296 Quos
1443 2250 1591 2287 autem
1604 2243 1892 2297 praedestina-

1061 2303 1141 2352 vit,
1169 2302 1252 2344 hos
1278 2306 1322 2344 et
1346 2301 1538 2344 vocavit:
1567 2306 1611 2343 et
1631 2313 1743 2354 quos
1761 2303 1890 2343 voca-

1060 2359 1138 2410 vit,
1157 2358 1241 2400 hos
1260 2363 1304 2400 et
1323 2357 1591 2411 justificavit,
1612 2370 1724 2409 quos
1745 2362 1892 2400 autem

1060 2415 1328 2467 justificavit,
1378 2415 1478 2457 illos
1525 2418 1569 2456 et
1617 2413 1891 2465 glorificavit.

1061 2471 1178 2522 Quid
1215 2484 1321 2523 ergo
1359 2472 1555 2513 dicemus
1592 2469 1649 2512 ad
1679 2469 1797 2512 haec?
1846 2469 1892 2511 Si

1059 2529 1181 2570 Deus
1206 2541 1289 2581 pro
1313 2528 1459 2579 nobis,
1489 2528 1586 2581 quis
1610 2532 1764 2569 contra
1786 2525 1891 2568 nos?

1060 2586 1145 2636 Qui
1173 2586 1304 2628 etiam
1337 2585 1520 2639 pr6prio
1549 2584 1661 2626 Filio
1693 2595 1774 2625 suo
1802 2595 1890 2625 non

1059 2642 1279 2694 pepercit,
1313 2641 1393 2684 sed
1420 2655 1503 2695 pro
1532 2640 1660 2683 nobis
1688 2639 1891 2681 amnibus

1059 2697 1243 2740 tradidit
1257 2698 1394 2739 illum:
1411 2697 1637 2750 quomodo
1654 2709 1745 2738 non
1760 2696 1891 2749 etiam

1061 2768 1160 2796 eum
1202 2755 1278 2796 illo
1324 2755 1472 2796 emnia
1513 2753 1642 2796 nobis
1684 2751 1890 2795 donavit?
