2040 2976
386 304 555 343 Feria
591 303 816 350 Quarta.

463 375 656 415 l‘salmus
677 374 739 411 25.

194 441 388 547 Judica
408 456 477 483 me
494 441 692 488 Domine,
710 437 912 491 queniam
933 446 1013 484 ego

293 501 334 540 in
371 498 617 540 innocentia
652 508 749 536 mea
795 492 1015 542 ingressus

195 570 302 597 sum:
326 557 348 580 *
375 561 418 596 et
442 555 484 594 in
509 553 698 594 Demino
725 560 904 602 sperans
929 558 1014 586 non

194 611 457 652 infirmabor.

245 666 389 708 Proba
408 679 477 706 me
497 664 698 711 Domine,
723 666 766 702 et
790 664 911 701 tenta
933 670 1017 698 me:

195 724 217 748 *
238 735 314 763 ure
333 735 459 763 renes
478 733 600 761 meos
620 724 664 760 et
683 730 759 759 cor
778 728 933 756 meum.

248 778 462 828 Queniam
490 773 787 816 misericordia
815 777 890 812 tua
918 774 1017 810 ante

199 834 350 874 Oculos
369 845 491 874 meos
511 836 591 873 est:
611 832 633 854 *
653 835 697 871 et
713 825 957 879 complacui
976 825 1018 864 in

199 890 382 930 veritate
402 894 486 929 tua.

250 945 348 985 Non
369 943 462 985 sedi
481 956 578 984 cum
599 940 781 983 concilio
801 937 1019 979 vanitatis:

198 1002 221 1026 *
251 1006 294 1041 et
331 1013 429 1041 curn
464 1000 609 1050 iniqua
645 994 895 1047 gerentibus
932 1005 1020 1033 non

201 1056 400 1097 introibo.

253 1111 379 1152 Odivi
401 1110 627 1152 ecclesiam
646 1104 1021 1157 malignantium*

201 1173 245 1208 et
265 1180 363 1208 cum
382 1166 523 1218 impiis
542 1178 629 1206 non
650 1163 824 1205 sedebo.

251 1222 429 1263 Lavabo
454 1222 565 1262 inter
592 1221 845 1261 innocentes
869 1227 1022 1256 manus

201 1291 335 1319 meas:
350 1279 372 1303 *
389 1283 431 1319 et
451 1275 730 1318 circumdabo
747 1274 884 1315 altare
900 1277 1023 1313 tuum

202 1334 405 1374 Domine:

254 1389 311 1430 Ut
344 1388 516 1429 audiam
548 1400 702 1428 vocem
734 1384 891 1433 laudis,
923 1384 946 1408 *
980 1387 1024 1423 et

204 1447 400 1486 enarrem
419 1444 620 1484 universa
638 1441 851 1482 mirabilia
870 1445 955 1480 tua.

255 1501 441 1541 Domine
469 1499 599 1540 dilexi
632 1498 836 1539 decorem
869 1495 1024 1536 domus

205 1561 307 1604 tuae,
335 1557 358 1580 *
387 1560 430 1596 et
456 1555 602 1596 locum
629 1551 909 1594 habitationis
936 1550 1026 1601 glo-

207 1611 282 1651 riae
301 1616 399 1652 tuae.

258 1666 325 1707 Ne
343 1666 503 1718 perdas
523 1678 620 1706 cum
639 1663 781 1716 impiis
801 1663 921 1703 Deus
941 1661 1027 1702 ani-

207 1734 322 1762 mam
341 1734 493 1768 meam,
512 1723 534 1746 *
555 1726 598 1762 et
618 1733 716 1761 cum
735 1719 838 1759 viris
860 1717 1027 1768 sangui-

208 1791 310 1818 num
329 1777 462 1818 vitam
481 1789 637 1817 meam:

260 1834 310 1873 In
339 1845 522 1884 quorum
551 1831 750 1872 manibus
777 1830 1028 1881 iniquitates

211 1893 329 1929 sunt:
347 1889 370 1912 *
391 1887 570 1928 dextera
595 1889 744 1928 eorum
770 1886 937 1938 repleta
962 1890 1028 1926 est

210 1942 469 1984 muneribus.

262 1999 356 2048 Ego
376 2003 521 2039 autem
540 1998 582 2037 in
600 1997 845 2038 innocentia
859 2009 956 2038 mea
970 1996 1029 2036 in-

211 2055 386 2104 gressus
411 2067 519 2094 sum:
538 2054 561 2078 *
581 2052 744 2094 redime
771 2065 856 2101 me,
885 2057 928 2093 et
955 2052 1029 2091 mi-

213 2110 357 2150 serere
375 2109 470 2150 mei.

264 2165 347 2205 Pes
375 2177 496 2205 meus
525 2164 646 2205 stetit
669 2164 712 2204 in
737 2163 918 2205 directo:
941 2163 964 2188 *
987 2163 1030 2203 in

214 2219 406 2261 ecclesiis
425 2219 679 2260 benedicam
697 2225 741 2261 te
760 2220 957 2260 Domine.

409 2329 577 2364 Feria
614 2329 836 2376 Quinta.

486 2398 678 2438 Psalmus
698 2400 759 2438 22.

303 2469 472 2510 eminus
498 2470 607 2520 regit
632 2483 716 2519 me,
742 2476 784 2511 et
808 2470 912 2510 nihil
930 2469 1034 2510 mihi

321 2524 476 2566 deerit:
490 2526 512 2550 *
527 2526 569 2565 in
584 2526 682 2567 loco
698 2529 873 2578 pascuae
892 2526 950 2567 ibi
965 2538 1034 2567 me

217 2579 458 2621 collocavit.

249 2636 406 2698 ‘Super
430 2648 585 2687 aquam
610 2637 856 2678 refectiOnis
881 2636 1034 2677 educa-

218 2696 279 2731 v1t
299 2703 382 2732 me:
401 2692 423 2716 *
444 2692 630 2732 animam
649 2705 791 2733 meam
811 2693 1036 2733 convertit.

725 210 761 241 ln
790 207 909 240 feriali
938 204 1072 236 mitit-w
1100 202 1145 234 nd
1176 200 1347 232 l‘rimum.

1117 291 1311 334 Deduxit
1335 301 1405 330 me
1427 299 1558 339 super
1579 284 1758 326 semitas
1778 283 1895 334 justi-

1067 350 1150 398 tiae,
1169 349 1192 373 *
1211 350 1395 399 propter
1414 355 1575 384 nomen
1595 353 1732 381 suum.

1117 405 1242 451 Nam,
1262 407 1306 443 et
1327 401 1362 441 si
1382 398 1667 441 ambulavero
1686 396 1731 436 in
1749 392 1896 435 medio

1067 460 1234 502 umbrae
1253 457 1419 505 mortis,
1439 467 1527 496 non
1546 451 1711 495 timebo
1730 449 1860 491 mala:
1874 449 1898 474 *

1069 516 1273 569 queniam
1294 519 1342 554 tu
1361 524 1533 553 mecum
1553 522 1611 551 es.

1120 573 1255 622 Virga
1270 575 1356 618 tua,
1377 573 1420 609 et
1434 566 1618 609 baculus
1633 570 1750 606 tuus:
1763 563 1788 588 *
1802 562 1900 614 ipsa

1068 642 1138 669 me
1157 625 1386 669 consolata
1405 628 1517 664 sunt.

1120 682 1292 724 Parasti
1315 682 1359 721 in
1385 680 1627 731 conspectu
1654 688 1755 717 meo
1783 686 1900 715 men-

1071 754 1183 789 sam,
1215 740 1238 764 *
1272 736 1484 778 adversus
1518 746 1615 782 eos,
1657 732 1731 784 qui
1766 729 1900 772 tribu-

1071 797 1162 837 lant
1182 807 1262 836 me.

1122 848 1411 903 Impinguasti
1425 848 1469 888 in
1485 846 1584 887 oleo
1598 848 1731 897 caput
1741 854 1903 884 meum:

1071 910 1094 933 *
1106 913 1149 949 et
1161 907 1273 948 calix
1283 918 1406 946 meus
1417 902 1637 944 inebrians
1652 912 1783 952 quam
1792 910 1903 951 prae-

1073 964 1216 1005 clarus
1237 961 1319 1004 est!

1124 1020 1181 1060 Et
1199 1015 1500 1059 misericordia
1518 1020 1595 1056 tua
1611 1011 1904 1064 subsequetur

1073 1089 1143 1117 me
1162 1077 1184 1100 *
1206 1073 1407 1116 omnibus
1428 1071 1584 1113 diebus
1604 1070 1707 1110 vitae
1725 1079 1854 1109 meae:

1126 1132 1182 1173 Et
1197 1136 1245 1172 ut
1259 1129 1500 1170 inhabitem
1513 1127 1558 1167 in
1570 1126 1704 1168 domo
1717 1122 1906 1172 Demini,

1074 1189 1098 1214 *
1117 1188 1160 1228 in
1179 1184 1497 1237 longitudinem
1517 1183 1698 1225 dierum.

1296 1275 1466 1312 Feria
1505 1274 1688 1310 Sexta.

1351 1343 1551 1383 Psalmus
1570 1342 1628 1381 21.

1077 1402 1242 1508 Deus
1262 1409 1383 1449 Deus
1410 1419 1534 1448 meus
1558 1403 1731 1456 respice
1754 1402 1799 1443 in
1821 1413 1908 1442 me:

1185 1477 1318 1516 quare
1334 1476 1403 1504 me
1419 1458 1714 1513 dereliquisti?
1734 1459 1758 1485 *
1777 1458 1908 1508 longe

1079 1533 1104 1560 a
1146 1520 1285 1561 salute
1329 1532 1428 1561 mea
1468 1517 1605 1559 verba
1646 1515 1909 1557 delict6rum

1079 1578 1288 1617 meerum.

1131 1632 1251 1673 Deus
1284 1644 1407 1672 meus
1441 1628 1642 1672 clamabo
1674 1639 1755 1680 per
1782 1625 1910 1674 diem,

1081 1692 1124 1728 et
1143 1701 1230 1729 non
1250 1686 1478 1729 exaudies:
1491 1687 1515 1711 *
1535 1690 1580 1727 et
1598 1689 1741 1733 nocte,
1761 1686 1805 1724 et
1822 1693 1911 1722 non

1081 1743 1137 1784 ad
1156 1743 1449 1796 insipientiam
1467 1741 1584 1783 mihi.

1132 1800 1201 1840 Tu
1233 1805 1380 1841 autem
1411 1799 1455 1839 in
1487 1801 1642 1839 sancto
1673 1794 1864 1843 habitas,
1887 1792 1911 1818 *

1080 1855 1175 1896 laus
1194 1855 1341 1896 Israel.

1132 1912 1183 1952 In
1207 1916 1250 1952 te
1275 1911 1564 1963 speraverunt
1586 1912 1738 1961 patres
1756 1904 1912 1946 nostri:

1081 1968 1104 1993 *
1125 1969 1422 2019 speraverunt,
1442 1970 1486 2007 et
1504 1963 1702 2006 liberasti
1719 1975 1808 2004 eos.

1134 2022 1206 2064 Ad
1225 2028 1269 2064 te
1290 2023 1600 2070 clamaverunt,
1621 2024 1665 2061 et
1685 2018 1795 2060 salvi
1807 2017 1914 2058 facti

1084 2084 1198 2120 sunt:
1226 2080 1248 2103 *
1276 2079 1320 2119 in
1347 2083 1391 2120 te
1420 2078 1724 2130 speraverunt,
1752 2078 1797 2116 et
1824 2085 1913 2114 non

1084 2140 1184 2176 sunt
1204 2135 1383 2176 confusi.

1135 2191 1230 2241 Ego
1256 2196 1402 2232 autem
1427 2202 1524 2230 sum
1549 2187 1726 2236 vermis,
1755 2190 1799 2227 et
1825 2197 1914 2226 non

1084 2246 1232 2288 homo:
1251 2247 1274 2272 *
1294 2245 1582 2298 oppr6brium
1606 2241 1850 2291 heminum,'
1870 2245 1915 2282 et

1085 2302 1270 2353 abjectio
1290 2301 1443 2354 plebis.

1138 2358 1301 2399 Omnes
1325 2357 1525 2398 videntes
1552 2368 1640 2405 me,
1668 2354 1915 2396 deriserunt

1086 2426 1170 2455 me:
1194 2415 1216 2439 *
1241 2413 1378 2455 locuti
1403 2418 1504 2454 sunt
1527 2411 1672 2460 labiis,
1701 2415 1744 2452 et
1768 2409 1914 2450 move-

1087 2475 1186 2510 runt
1206 2474 1349 2522 caput.
1833 2478 1838 2482 '

1138 2525 1340 2577 Speravit
1354 2525 1397 2565 in
1411 2524 1614 2573 Domino,
1630 2522 1787 2575 eripiat
1801 2534 1916 2562 eum:

1087 2582 1110 2606 *
1131 2581 1298 2622 salvum
1318 2581 1449 2622 faciat
1466 2593 1576 2629 eum,
1597 2579 1804 2631 quoniam
1822 2576 1916 2618 vult

1089 2649 1198 2678 eum.

1141 2693 1356 2742 Quoniam
1387 2698 1436 2734 tu
1469 2705 1532 2742 es,
1581 2691 1655 2743 qui
1687 2689 1917 2732 extraxisti
