<?xml version="1.0" encoding="UTF-8"?>
<!DOCTYPE html PUBLIC "-//W3C//DTD XHTML 1.0 Transitional//EN"
    "http://www.w3.org/TR/xhtml1/DTD/xhtml1-transitional.dtd">
<html xmlns="http://www.w3.org/1999/xhtml" xml:lang="en" lang="en">
 <head>
  <title>
</title>
<meta http-equiv="Content-Type" content="text/html;charset=utf-8" />
  <meta name='ocr-system' content='tesseract 3.04.00' />
  <meta name='ocr-capabilities' content='ocr_page ocr_carea ocr_par ocr_line ocrx_word'/>
</head>
<body>
  <div class='ocr_page' id='page_1' title='image "./p3breviariumroma00cathuoft_0270.png"; bbox 0 0 2040 2976; ppageno 0'>
   <div class='ocr_carea' id='block_1_1' title="bbox 818 197 1293 240">
    <p class='ocr_par' dir='ltr' id='par_1_1' title="bbox 818 197 1293 240">
     <span class='ocr_line' id='line_1_1' title="bbox 818 197 1293 240; baseline -0.002 -9"><span class='ocrx_word' id='word_1_1' title='bbox 818 198 1021 232; x_wconf 84' lang='lat' dir='ltr'>Dominica</span> <span class='ocrx_word' id='word_1_2' title='bbox 1046 197 1091 231; x_wconf 90' lang='grc' dir='ltr'>ΙΙ.</span> <span class='ocrx_word' id='word_1_3' title='bbox 1114 197 1293 240; x_wconf 82' lang='lat' dir='ltr'>Augusti.</span> 
     </span>
    </p>
   </div>
   <div class='ocr_carea' id='block_1_2' title="bbox 151 292 1038 1640">
    <p class='ocr_par' dir='ltr' id='par_1_2' title="bbox 151 292 1037 1640">
     <span class='ocr_line' id='line_1_2' title="bbox 213 292 1037 345; baseline -0.001 -10"><span class='ocrx_word' id='word_1_4' title='bbox 213 294 327 335; x_wconf 89' lang='lat' dir='ltr'>viam</span> <span class='ocrx_word' id='word_1_5' title='bbox 345 306 482 334; x_wconf 90' lang='lat' dir='ltr'>suam:</span> <span class='ocrx_word' id='word_1_6' title='bbox 508 299 551 335; x_wconf 89' lang='lat' dir='ltr'>et</span> <span class='ocrx_word' id='word_1_7' title='bbox 574 292 867 345; x_wconf 88' lang='lat' dir='ltr'>imprudentia</span> <span class='ocrx_word' id='word_1_8' title='bbox 887 292 1037 334; x_wconf 90' lang='lat' dir='ltr'>stulto-</span> 
     </span>
     <span class='ocr_line' id='line_1_3' title="bbox 213 348 1038 417; baseline -0.001 -27"><span class='ocrx_word' id='word_1_9' title='bbox 213 364 307 391; x_wconf 90' lang='lat' dir='ltr'>rum</span> <span class='ocrx_word' id='word_1_10' title='bbox 327 363 486 391; x_wconf 91' lang='lat' dir='ltr'>errans.</span> <span class='ocrx_word' id='word_1_11' title='bbox 520 349 687 391; x_wconf 84' lang='lat' dir='ltr'>Stultus</span> <span class='ocrx_word' id='word_1_12' title='bbox 711 348 866 390; x_wconf 83' lang='lat' dir='ltr'>illudet</span> <span class='ocrx_word' id='word_1_13' title='bbox 885 351 1038 417; x_wconf 81' lang='lat' dir='ltr'>pecca-</span> 
     </span>
     <span class='ocr_line' id='line_1_4' title="bbox 211 405 1037 457; baseline -0.001 -10"><span class='ocrx_word' id='word_1_14' title='bbox 211 411 314 455; x_wconf 83' lang='lat' dir='ltr'>tum,</span> <span class='ocrx_word' id='word_1_15' title='bbox 334 411 378 447; x_wconf 90' lang='lat' dir='ltr'>et</span> <span class='ocrx_word' id='word_1_16' title='bbox 396 406 508 447; x_wconf 93' lang='lat' dir='ltr'>inter</span> <span class='ocrx_word' id='word_1_17' title='bbox 528 406 665 457; x_wconf 88' lang='lat' dir='ltr'>justos</span> <span class='ocrx_word' id='word_1_18' title='bbox 683 405 926 447; x_wconf 90' lang='lat' dir='ltr'>morabitur</span> <span class='ocrx_word' id='word_1_19' title='bbox 944 407 1037 456; x_wconf 86' lang='lat' dir='ltr'>gra-</span> 
     </span>
     <span class='ocr_line' id='line_1_5' title="bbox 211 461 1037 515; baseline -0.002 -11"><span class='ocrx_word' id='word_1_20' title='bbox 211 463 281 504; x_wconf 90' lang='lat' dir='ltr'>tia.</span> <span class='ocrx_word' id='word_1_21' title='bbox 318 462 405 504; x_wconf 91' lang='lat' dir='ltr'>Cor</span> <span class='ocrx_word' id='word_1_22' title='bbox 426 462 545 515; x_wconf 92' lang='lat' dir='ltr'>quod</span> <span class='ocrx_word' id='word_1_23' title='bbox 564 462 686 504; x_wconf 90' lang='lat' dir='ltr'>novit</span> <span class='ocrx_word' id='word_1_24' title='bbox 706 461 1037 503; x_wconf 83' lang='lat' dir='ltr'>amaritudinem</span> 
     </span>
     <span class='ocr_line' id='line_1_6' title="bbox 212 517 1037 569; baseline -0.001 -10"><span class='ocrx_word' id='word_1_25' title='bbox 212 519 367 560; x_wconf 86' lang='lat' dir='ltr'>animae</span> <span class='ocrx_word' id='word_1_26' title='bbox 401 531 507 568; x_wconf 83' lang='lat' dir='ltr'>suae,</span> <span class='ocrx_word' id='word_1_27' title='bbox 547 518 589 559; x_wconf 93' lang='lat' dir='ltr'>in</span> <span class='ocrx_word' id='word_1_28' title='bbox 626 517 790 569; x_wconf 84' lang='lat' dir='ltr'>gaudio</span> <span class='ocrx_word' id='word_1_29' title='bbox 829 519 918 569; x_wconf 86' lang='lat' dir='ltr'>ejus</span> <span class='ocrx_word' id='word_1_30' title='bbox 951 531 1037 559; x_wconf 93' lang='lat' dir='ltr'>non</span> 
     </span>
     <span class='ocr_line' id='line_1_7' title="bbox 210 574 1035 617; baseline -0.001 -2"><span class='ocrx_word' id='word_1_31' title='bbox 210 575 464 616; x_wconf 89' lang='lat' dir='ltr'>miscebitur</span> <span class='ocrx_word' id='word_1_32' title='bbox 488 577 733 617; x_wconf 79' lang='lat' dir='ltr'>extraneus.</span> <span class='ocrx_word' id='word_1_33' title='bbox 769 575 938 616; x_wconf 92' lang='lat' dir='ltr'>Domus</span> <span class='ocrx_word' id='word_1_34' title='bbox 962 574 1035 614; x_wconf 90' lang='lat' dir='ltr'>im-</span> 
     </span>
     <span class='ocr_line' id='line_1_8' title="bbox 210 630 1036 683; baseline 0 -12"><span class='ocrx_word' id='word_1_35' title='bbox 210 631 382 683; x_wconf 92' lang='lat' dir='ltr'>piorum</span> <span class='ocrx_word' id='word_1_36' title='bbox 393 631 624 673; x_wconf 86' lang='lat' dir='ltr'>delebitur:</span> <span class='ocrx_word' id='word_1_37' title='bbox 638 630 919 672; x_wconf 88' lang='lat' dir='ltr'>tabernacula</span> <span class='ocrx_word' id='word_1_38' title='bbox 930 643 1036 672; x_wconf 86' lang='lat' dir='ltr'>vero</span> 
     </span>
     <span class='ocr_line' id='line_1_9' title="bbox 209 687 754 739; baseline -0.002 -10"><span class='ocrx_word' id='word_1_39' title='bbox 209 688 421 739; x_wconf 89' lang='lat' dir='ltr'>justorum</span> <span class='ocrx_word' id='word_1_40' title='bbox 439 687 754 738; x_wconf 88' lang='lat' dir='ltr'>germinabunt.</span> 
     </span>
     <span class='ocr_line' id='line_1_10' title="bbox 254 743 881 798; baseline -0.003 -13"><span class='ocrx_word' id='word_1_41' title='bbox 254 747 304 798; x_wconf 74' lang='lat' dir='ltr'>R.</span> <span class='ocrx_word' id='word_1_42' title='bbox 338 744 513 786; x_wconf 87' lang='lat' dir='ltr'>Initium</span> <span class='ocrx_word' id='word_1_43' title='bbox 532 743 769 796; x_wconf 84' lang='lat' dir='ltr'>sapientiae.</span> <span class='ocrx_word' id='word_1_44' title='bbox 788 744 881 784; x_wconf 87' lang='lat'>236.</span> 
     </span>
     <span class='ocr_line' id='line_1_11' title="bbox 503 802 730 843; baseline -0.009 0"><span class='ocrx_word' id='word_1_45' title='bbox 503 802 656 843; x_wconf 86' lang='lat' dir='ltr'>Lectio</span> <span class='ocrx_word' id='word_1_46' title='bbox 676 802 730 842; x_wconf 90' lang='lat' dir='ltr'>iii.</span> 
     </span>
     <span class='ocr_line' id='line_1_12' title="bbox 202 851 1034 958; baseline -0.002 -65"><span class='ocrx_word' id='word_1_47' title='bbox 202 852 328 958; x_wconf 84' lang='lat' dir='ltr'>Est</span> <span class='ocrx_word' id='word_1_48' title='bbox 352 852 435 902; x_wconf 90' lang='lat' dir='ltr'>via,</span> <span class='ocrx_word' id='word_1_49' title='bbox 464 865 563 904; x_wconf 87' lang='lat' dir='ltr'>quae</span> <span class='ocrx_word' id='word_1_50' title='bbox 591 851 764 893; x_wconf 86' lang='lat' dir='ltr'>videtur</span> <span class='ocrx_word' id='word_1_51' title='bbox 787 851 952 892; x_wconf 91' lang='lat' dir='ltr'>homini</span> <span class='ocrx_word' id='word_1_52' title='bbox 977 852 1034 902; x_wconf 82' lang='lat' dir='ltr'>ju-</span> 
     </span>
     <span class='ocr_line' id='line_1_13' title="bbox 308 906 1034 960; baseline 0.001 -11"><span class='ocrx_word' id='word_1_53' title='bbox 308 913 390 950; x_wconf 92' lang='lat' dir='ltr'>sta:</span> <span class='ocrx_word' id='word_1_54' title='bbox 419 909 654 950; x_wconf 91' lang='lat' dir='ltr'>novissima</span> <span class='ocrx_word' id='word_1_55' title='bbox 679 914 824 950; x_wconf 88' lang='lat' dir='ltr'>autem</span> <span class='ocrx_word' id='word_1_56' title='bbox 849 908 939 960; x_wconf 90' lang='lat' dir='ltr'>ejus</span> <span class='ocrx_word' id='word_1_57' title='bbox 963 906 1034 950; x_wconf 94' lang='lat' dir='ltr'>de-</span> 
     </span>
     <span class='ocr_line' id='line_1_14' title="bbox 210 963 1036 1007; baseline 0 -1"><span class='ocrx_word' id='word_1_58' title='bbox 210 964 375 1006; x_wconf 80' lang='lat' dir='ltr'>ducunt</span> <span class='ocrx_word' id='word_1_59' title='bbox 401 964 457 1007; x_wconf 91' lang='lat' dir='ltr'>ad</span> <span class='ocrx_word' id='word_1_60' title='bbox 480 970 700 1006; x_wconf 79' lang='lat' dir='ltr'>mortem..</span> <span class='ocrx_word' id='word_1_61' title='bbox 722 965 856 1005; x_wconf 87' lang='lat' dir='ltr'>Risus</span> <span class='ocrx_word' id='word_1_62' title='bbox 882 963 1036 1006; x_wconf 87' lang='lat' dir='ltr'>dolore</span> 
     </span>
     <span class='ocr_line' id='line_1_15' title="bbox 208 1020 1035 1072; baseline 0.001 -11"><span class='ocrx_word' id='word_1_63' title='bbox 208 1020 479 1071; x_wconf 89' lang='lat' dir='ltr'>miscebitur,</span> <span class='ocrx_word' id='word_1_64' title='bbox 508 1026 551 1063; x_wconf 89' lang='lat' dir='ltr'>et</span> <span class='ocrx_word' id='word_1_65' title='bbox 579 1023 774 1063; x_wconf 81' lang='lat' dir='ltr'>extrema</span> <span class='ocrx_word' id='word_1_66' title='bbox 801 1020 950 1072; x_wconf 81' lang='lat' dir='ltr'>gaudii</span> <span class='ocrx_word' id='word_1_67' title='bbox 974 1020 1035 1062; x_wconf 96' lang='lat' dir='ltr'>lu-</span> 
     </span>
     <span class='ocr_line' id='line_1_16' title="bbox 209 1076 1036 1130; baseline 0 -12"><span class='ocrx_word' id='word_1_68' title='bbox 209 1082 305 1118; x_wconf 91' lang='lat' dir='ltr'>ctus</span> <span class='ocrx_word' id='word_1_69' title='bbox 325 1079 523 1130; x_wconf 89' lang='lat' dir='ltr'>occupat.</span> <span class='ocrx_word' id='word_1_70' title='bbox 559 1077 656 1119; x_wconf 91' lang='lat' dir='ltr'>Viis</span> <span class='ocrx_word' id='word_1_71' title='bbox 682 1077 771 1118; x_wconf 91' lang='lat' dir='ltr'>suis</span> <span class='ocrx_word' id='word_1_72' title='bbox 794 1076 1036 1130; x_wconf 88' lang='lat' dir='ltr'>replebitur</span> 
     </span>
     <span class='ocr_line' id='line_1_17' title="bbox 208 1132 1034 1186; baseline 0 -12"><span class='ocrx_word' id='word_1_73' title='bbox 208 1134 383 1183; x_wconf 90' lang='lat' dir='ltr'>stultus,</span> <span class='ocrx_word' id='word_1_74' title='bbox 414 1139 457 1175; x_wconf 90' lang='lat' dir='ltr'>et</span> <span class='ocrx_word' id='word_1_75' title='bbox 482 1147 614 1186; x_wconf 92' lang='lat' dir='ltr'>super</span> <span class='ocrx_word' id='word_1_76' title='bbox 639 1146 738 1175; x_wconf 92' lang='lat' dir='ltr'>eum</span> <span class='ocrx_word' id='word_1_77' title='bbox 765 1133 846 1175; x_wconf 87' lang='lat' dir='ltr'>erit</span> <span class='ocrx_word' id='word_1_78' title='bbox 869 1133 934 1174; x_wconf 90' lang='lat' dir='ltr'>vir</span> <span class='ocrx_word' id='word_1_79' title='bbox 959 1132 1034 1174; x_wconf 92' lang='lat' dir='ltr'>bo-</span> 
     </span>
     <span class='ocr_line' id='line_1_18' title="bbox 207 1189 1034 1232; baseline -0.001 -2"><span class='ocrx_word' id='word_1_80' title='bbox 207 1203 300 1231; x_wconf 92' lang='lat' dir='ltr'>nus.</span> <span class='ocrx_word' id='word_1_81' title='bbox 336 1191 553 1232; x_wconf 84' lang='lat' dir='ltr'>Innocens</span> <span class='ocrx_word' id='word_1_82' title='bbox 580 1189 721 1231; x_wconf 90' lang='lat' dir='ltr'>credit</span> <span class='ocrx_word' id='word_1_83' title='bbox 746 1189 863 1231; x_wconf 93' lang='lat' dir='ltr'>omni</span> <span class='ocrx_word' id='word_1_84' title='bbox 884 1189 1034 1231; x_wconf 89' lang='lat' dir='ltr'>verbo:</span> 
     </span>
     <span class='ocr_line' id='line_1_19' title="bbox 207 1246 1034 1297; baseline 0 -11"><span class='ocrx_word' id='word_1_85' title='bbox 207 1250 377 1288; x_wconf 83' lang='lat' dir='ltr'>astutus</span> <span class='ocrx_word' id='word_1_86' title='bbox 420 1246 670 1288; x_wconf 81' lang='lat' dir='ltr'>considerat</span> <span class='ocrx_word' id='word_1_87' title='bbox 705 1258 882 1297; x_wconf 86' lang='lat' dir='ltr'>gressus</span> <span class='ocrx_word' id='word_1_88' title='bbox 920 1259 1034 1287; x_wconf 93' lang='lat' dir='ltr'>suos.</span> 
     </span>
     <span class='ocr_line' id='line_1_20' title="bbox 207 1302 1033 1344; baseline 0.002 -2"><span class='ocrx_word' id='word_1_89' title='bbox 207 1302 318 1344; x_wconf 84' lang='lat' dir='ltr'>Filio</span> <span class='ocrx_word' id='word_1_90' title='bbox 345 1302 502 1344; x_wconf 92' lang='lat' dir='ltr'>doloso</span> <span class='ocrx_word' id='word_1_91' title='bbox 529 1302 635 1343; x_wconf 90' lang='lat' dir='ltr'>nihil</span> <span class='ocrx_word' id='word_1_92' title='bbox 659 1303 740 1344; x_wconf 91' lang='lat' dir='ltr'>erit</span> <span class='ocrx_word' id='word_1_93' title='bbox 758 1302 877 1344; x_wconf 88' lang='lat' dir='ltr'>boni:</span> <span class='ocrx_word' id='word_1_94' title='bbox 905 1315 1033 1344; x_wconf 88' lang='lat' dir='ltr'>servo</span> 
     </span>
     <span class='ocr_line' id='line_1_21' title="bbox 206 1359 1033 1412; baseline 0.001 -13"><span class='ocrx_word' id='word_1_95' title='bbox 206 1364 351 1400; x_wconf 88' lang='lat' dir='ltr'>autem</span> <span class='ocrx_word' id='word_1_96' title='bbox 360 1359 546 1412; x_wconf 78' lang='lat' dir='ltr'>sapienti</span> <span class='ocrx_word' id='word_1_97' title='bbox 553 1359 756 1412; x_wconf 92' lang='lat' dir='ltr'>prosperi</span> <span class='ocrx_word' id='word_1_98' title='bbox 766 1364 891 1401; x_wconf 89' lang='lat' dir='ltr'>erunt</span> <span class='ocrx_word' id='word_1_99' title='bbox 900 1364 1033 1409; x_wconf 85' lang='lat' dir='ltr'>actus,</span> 
     </span>
     <span class='ocr_line' id='line_1_22' title="bbox 151 1414 1033 1469; baseline 0.001 -13"><span class='ocrx_word' id='word_1_100' title='bbox 151 1440 153 1443; x_wconf 83' lang='lat'>.</span> <span class='ocrx_word' id='word_1_101' title='bbox 207 1420 250 1456; x_wconf 92' lang='lat' dir='ltr'>et</span> <span class='ocrx_word' id='word_1_102' title='bbox 278 1414 489 1466; x_wconf 82' lang='lat' dir='ltr'>dirigetur</span> <span class='ocrx_word' id='word_1_103' title='bbox 516 1416 586 1457; x_wconf 91' lang='lat' dir='ltr'>via</span> <span class='ocrx_word' id='word_1_104' title='bbox 618 1417 720 1469; x_wconf 84' lang='lat' dir='ltr'>ejus.</span> <span class='ocrx_word' id='word_1_105' title='bbox 773 1416 957 1468; x_wconf 86' lang='lat' dir='ltr'>Sapiens</span> <span class='ocrx_word' id='word_1_106' title='bbox 985 1416 1033 1457; x_wconf 90' lang='lat' dir='ltr'>ti-</span> 
     </span>
     <span class='ocr_line' id='line_1_23' title="bbox 205 1472 1034 1521; baseline 0.001 -9"><span class='ocrx_word' id='word_1_107' title='bbox 205 1476 310 1521; x_wconf 85' lang='lat' dir='ltr'>met,</span> <span class='ocrx_word' id='word_1_108' title='bbox 346 1477 389 1513; x_wconf 91' lang='lat' dir='ltr'>et</span> <span class='ocrx_word' id='word_1_109' title='bbox 422 1472 613 1514; x_wconf 84' lang='lat' dir='ltr'>declinat</span> <span class='ocrx_word' id='word_1_110' title='bbox 645 1485 669 1513; x_wconf 92' lang='lat' dir='ltr'>a</span> <span class='ocrx_word' id='word_1_111' title='bbox 701 1472 834 1514; x_wconf 91' lang='lat' dir='ltr'>malo:</span> <span class='ocrx_word' id='word_1_112' title='bbox 875 1472 1034 1515; x_wconf 91' lang='lat' dir='ltr'>stultus</span> 
     </span>
     <span class='ocr_line' id='line_1_24' title="bbox 205 1528 680 1578; baseline 0 -9"><span class='ocrx_word' id='word_1_113' title='bbox 205 1528 402 1578; x_wconf 85' lang='lat' dir='ltr'>transilit,</span> <span class='ocrx_word' id='word_1_114' title='bbox 425 1534 468 1570; x_wconf 89' lang='lat' dir='ltr'>et</span> <span class='ocrx_word' id='word_1_115' title='bbox 487 1528 680 1570; x_wconf 89' lang='lat' dir='ltr'>confidit.</span> 
     </span>
     <span class='ocr_line' id='line_1_25' title="bbox 255 1585 869 1640; baseline -0.003 -12"><span class='ocrx_word' id='word_1_116' title='bbox 255 1589 306 1640; x_wconf 61' lang='lat' dir='ltr'>Ra.</span> <span class='ocrx_word' id='word_1_117' title='bbox 335 1585 532 1627; x_wconf 89' lang='lat' dir='ltr'>Verbum</span> <span class='ocrx_word' id='word_1_118' title='bbox 551 1585 756 1637; x_wconf 91' lang='lat' dir='ltr'>iniquum.</span> <span class='ocrx_word' id='word_1_119' title='bbox 775 1586 869 1626; x_wconf 86' lang='lat'>236.</span> 
     </span>
    </p>
   </div>
   <div class='ocr_carea' id='block_1_3' title="bbox 315 1698 920 1793">
    <p class='ocr_par' dir='ltr' id='par_1_3' title="bbox 315 1698 920 1793">
     <span class='ocr_line' id='line_1_26' title="bbox 453 1698 784 1735; baseline 0.003 -1"><span class='ocrx_word' id='word_1_120' title='bbox 453 1698 481 1734; x_wconf 94' lang='lat' dir='ltr'>S</span> <span class='ocrx_word' id='word_1_121' title='bbox 507 1709 532 1734; x_wconf 92' lang='lat' dir='ltr'>a</span> <span class='ocrx_word' id='word_1_122' title='bbox 555 1699 581 1735; x_wconf 89' lang='lat' dir='ltr'>b</span> <span class='ocrx_word' id='word_1_123' title='bbox 607 1699 633 1735; x_wconf 93' lang='lat' dir='ltr'>b</span> <span class='ocrx_word' id='word_1_124' title='bbox 658 1710 683 1735; x_wconf 88' lang='lat' dir='ltr'>a</span> <span class='ocrx_word' id='word_1_125' title='bbox 706 1703 723 1735; x_wconf 91' lang='lat' dir='ltr'>t</span> <span class='ocrx_word' id='word_1_126' title='bbox 747 1710 784 1735; x_wconf 91' lang='lat' dir='ltr'>o.</span> 
     </span>
     <span class='ocr_line' id='line_1_27' title="bbox 315 1751 920 1793; baseline 0.002 -1"><span class='ocrx_word' id='word_1_127' title='bbox 315 1752 383 1792; x_wconf 91' lang='lat' dir='ltr'>De</span> <span class='ocrx_word' id='word_1_128' title='bbox 409 1751 636 1793; x_wconf 90' lang='lat' dir='ltr'>Parabolis</span> <span class='ocrx_word' id='word_1_129' title='bbox 661 1751 920 1793; x_wconf 87' lang='lat' dir='ltr'>Salomonis.</span> 
     </span>
    </p>
   </div>
   <div class='ocr_carea' id='block_1_4' title="bbox 202 1813 1031 2768">
    <p class='ocr_par' dir='ltr' id='par_1_4' title="bbox 202 1813 1031 2768">
     <span class='ocr_line' id='line_1_28' title="bbox 280 1813 949 1867; baseline 0.003 -14"><span class='ocrx_word' id='word_1_130' title='bbox 280 1813 430 1854; x_wconf 88' lang='lat' dir='ltr'>Lectio</span> <span class='ocrx_word' id='word_1_131' title='bbox 451 1814 473 1854; x_wconf 92' lang='lat' dir='ltr'>i.</span> <span class='ocrx_word' id='word_1_132' title='bbox 772 1815 874 1867; x_wconf 90' lang='lat' dir='ltr'>Cap.</span> <span class='ocrx_word' id='word_1_133' title='bbox 891 1816 949 1856; x_wconf 83' lang='lat'>16.</span> 
     </span>
     <span class='ocr_line' id='line_1_29' title="bbox 301 1868 1031 1921; baseline 0.003 -13"><span class='ocrx_word' id='word_1_134' title='bbox 301 1868 457 1909; x_wconf 92' lang='lat' dir='ltr'>ominis</span> <span class='ocrx_word' id='word_1_135' title='bbox 477 1873 545 1910; x_wconf 91' lang='lat' dir='ltr'>est</span> <span class='ocrx_word' id='word_1_136' title='bbox 561 1868 750 1910; x_wconf 90' lang='lat' dir='ltr'>animam</span> <span class='ocrx_word' id='word_1_137' title='bbox 763 1870 1031 1921; x_wconf 81' lang='lat' dir='ltr'>praeparare:</span> 
     </span>
     <span class='ocr_line' id='line_1_30' title="bbox 203 1873 1031 1976; baseline 0.001 -11"><span class='ocrx_word' id='word_1_138' title='bbox 203 1873 298 1976; x_wconf 69' lang='lat' dir='ltr'><strong>m</strong></span> <span class='ocrx_word' id='word_1_139' title='bbox 317 1930 360 1965; x_wconf 91' lang='lat' dir='ltr'>et</span> <span class='ocrx_word' id='word_1_140' title='bbox 374 1925 551 1966; x_wconf 86' lang='lat' dir='ltr'>Domini</span> <span class='ocrx_word' id='word_1_141' title='bbox 566 1924 811 1976; x_wconf 88' lang='lat' dir='ltr'>gubernare</span> <span class='ocrx_word' id='word_1_142' title='bbox 825 1925 1031 1976; x_wconf 88' lang='lat' dir='ltr'>linguam:</span> 
     </span>
     <span class='ocr_line' id='line_1_31' title="bbox 205 1980 1031 2034; baseline 0.001 -12"><span class='ocrx_word' id='word_1_143' title='bbox 205 1980 367 2022; x_wconf 91' lang='lat' dir='ltr'>Omnes</span> <span class='ocrx_word' id='word_1_144' title='bbox 390 1981 471 2022; x_wconf 88' lang='lat' dir='ltr'>viae</span> <span class='ocrx_word' id='word_1_145' title='bbox 495 1981 683 2022; x_wconf 92' lang='lat' dir='ltr'>hominis</span> <span class='ocrx_word' id='word_1_146' title='bbox 711 1986 866 2034; x_wconf 89' lang='lat' dir='ltr'>patent</span> <span class='ocrx_word' id='word_1_147' title='bbox 892 1982 1031 2023; x_wconf 91' lang='lat' dir='ltr'>oculis</span> 
     </span>
     <span class='ocr_line' id='line_1_32' title="bbox 204 2037 1031 2090; baseline 0.001 -11"><span class='ocrx_word' id='word_1_148' title='bbox 204 2037 308 2089; x_wconf 88' lang='lat' dir='ltr'>ejus:</span> <span class='ocrx_word' id='word_1_149' title='bbox 327 2037 556 2089; x_wconf 86' lang='lat' dir='ltr'>spirituum</span> <span class='ocrx_word' id='word_1_150' title='bbox 575 2037 847 2090; x_wconf 75' lang='lat' dir='ltr'>ponderator</span> <span class='ocrx_word' id='word_1_151' title='bbox 863 2043 929 2080; x_wconf 90' lang='lat' dir='ltr'>est</span> <span class='ocrx_word' id='word_1_152' title='bbox 943 2039 1031 2080; x_wconf 91' lang='lat' dir='ltr'>Do·</span> 
     </span>
     <span class='ocr_line' id='line_1_33' title="bbox 203 2094 1030 2147; baseline 0.002 -13"><span class='ocrx_word' id='word_1_153' title='bbox 203 2094 355 2135; x_wconf 90' lang='lat' dir='ltr'>minus.</span> <span class='ocrx_word' id='word_1_154' title='bbox 389 2094 553 2136; x_wconf 82' lang='lat' dir='ltr'>Revela</span> <span class='ocrx_word' id='word_1_155' title='bbox 573 2095 763 2136; x_wconf 89' lang='lat' dir='ltr'>Domino</span> <span class='ocrx_word' id='word_1_156' title='bbox 789 2097 925 2147; x_wconf 89' lang='lat' dir='ltr'>opera</span> <span class='ocrx_word' id='word_1_157' title='bbox 944 2100 1030 2146; x_wconf 88' lang='lat' dir='ltr'>tua,</span> 
     </span>
     <span class='ocr_line' id='line_1_34' title="bbox 203 2149 1029 2202; baseline 0.004 -11"><span class='ocrx_word' id='word_1_158' title='bbox 203 2155 247 2192; x_wconf 91' lang='lat' dir='ltr'>et</span> <span class='ocrx_word' id='word_1_159' title='bbox 298 2149 538 2201; x_wconf 87' lang='lat' dir='ltr'>dirigentur</span> <span class='ocrx_word' id='word_1_160' title='bbox 590 2151 880 2202; x_wconf 88' lang='lat' dir='ltr'>cogitationes</span> <span class='ocrx_word' id='word_1_161' title='bbox 930 2157 1029 2194; x_wconf 89' lang='lat' dir='ltr'>tuae.</span> 
     </span>
     <span class='ocr_line' id='line_1_35' title="bbox 202 2206 1029 2261; baseline 0.004 -14"><span class='ocrx_word' id='word_1_162' title='bbox 202 2206 416 2248; x_wconf 88' lang='lat' dir='ltr'>Universa</span> <span class='ocrx_word' id='word_1_163' title='bbox 430 2212 613 2260; x_wconf 92' lang='lat' dir='ltr'>propter</span> <span class='ocrx_word' id='word_1_164' title='bbox 628 2209 912 2260; x_wconf 87' lang='lat' dir='ltr'>semetipsum</span> <span class='ocrx_word' id='word_1_165' title='bbox 928 2221 1029 2261; x_wconf 93' lang='lat' dir='ltr'>ope-</span> 
     </span>
     <span class='ocr_line' id='line_1_36' title="bbox 202 2263 1029 2317; baseline 0.004 -14"><span class='ocrx_word' id='word_1_166' title='bbox 202 2264 323 2305; x_wconf 89' lang='lat' dir='ltr'>ratus</span> <span class='ocrx_word' id='word_1_167' title='bbox 359 2268 425 2304; x_wconf 92' lang='lat' dir='ltr'>est</span> <span class='ocrx_word' id='word_1_168' title='bbox 451 2263 679 2305; x_wconf 83' lang='lat' dir='ltr'>Dominus:</span> <span class='ocrx_word' id='word_1_169' title='bbox 711 2264 892 2316; x_wconf 93' lang='lat' dir='ltr'>impium</span> <span class='ocrx_word' id='word_1_170' title='bbox 926 2278 1029 2317; x_wconf 94' lang='lat' dir='ltr'>quo-</span> 
     </span>
     <span class='ocr_line' id='line_1_37' title="bbox 204 2318 1028 2372; baseline 0.002 -12"><span class='ocrx_word' id='word_1_171' title='bbox 204 2332 288 2372; x_wconf 92' lang='lat' dir='ltr'>que</span> <span class='ocrx_word' id='word_1_172' title='bbox 314 2318 371 2361; x_wconf 92' lang='lat' dir='ltr'>ad</span> <span class='ocrx_word' id='word_1_173' title='bbox 396 2318 511 2361; x_wconf 90' lang='lat' dir='ltr'>diem</span> <span class='ocrx_word' id='word_1_174' title='bbox 534 2320 707 2361; x_wconf 91' lang='lat' dir='ltr'>malum.</span> <span class='ocrx_word' id='word_1_175' title='bbox 744 2320 1028 2363; x_wconf 76' lang='lat' dir='ltr'>Abominatio</span> 
     </span>
     <span class='ocr_line' id='line_1_38' title="bbox 202 2376 1030 2428; baseline 0.001 -11"><span class='ocrx_word' id='word_1_176' title='bbox 202 2376 379 2417; x_wconf 82' lang='lat' dir='ltr'>Domini</span> <span class='ocrx_word' id='word_1_177' title='bbox 400 2381 468 2417; x_wconf 89' lang='lat' dir='ltr'>est</span> <span class='ocrx_word' id='word_1_178' title='bbox 488 2377 628 2418; x_wconf 91' lang='lat' dir='ltr'>omnis</span> <span class='ocrx_word' id='word_1_179' title='bbox 648 2378 872 2428; x_wconf 76' lang='lat' dir='ltr'>arrogans:</span> <span class='ocrx_word' id='word_1_180' title='bbox 898 2377 1030 2419; x_wconf 91' lang='lat' dir='ltr'>etiam</span> 
     </span>
     <span class='ocr_line' id='line_1_39' title="bbox 203 2432 1030 2484; baseline 0.002 -11"><span class='ocrx_word' id='word_1_181' title='bbox 203 2432 240 2473; x_wconf 93' lang='lat' dir='ltr'>si</span> <span class='ocrx_word' id='word_1_182' title='bbox 258 2445 412 2473; x_wconf 91' lang='lat' dir='ltr'>manus</span> <span class='ocrx_word' id='word_1_183' title='bbox 432 2432 488 2474; x_wconf 90' lang='lat' dir='ltr'>ad</span> <span class='ocrx_word' id='word_1_184' title='bbox 507 2446 682 2474; x_wconf 91' lang='lat' dir='ltr'>manum</span> <span class='ocrx_word' id='word_1_185' title='bbox 699 2433 841 2484; x_wconf 82' lang='lat' dir='ltr'>fuerit,</span> <span class='ocrx_word' id='word_1_186' title='bbox 860 2446 948 2475; x_wconf 93' lang='lat' dir='ltr'>non</span> <span class='ocrx_word' id='word_1_187' title='bbox 963 2439 1030 2476; x_wconf 97' lang='grc' dir='ltr'>θεῖ</span> 
     </span>
     <span class='ocr_line' id='line_1_40' title="bbox 203 2501 422 2530; baseline 0.005 -1"><span class='ocrx_word' id='word_1_188' title='bbox 203 2501 422 2530; x_wconf 89' lang='lat' dir='ltr'>mnocens.</span> 
     </span>
     <span class='ocr_line' id='line_1_41' title="bbox 256 2545 786 2598; baseline 0.002 -13"><span class='ocrx_word' id='word_1_189' title='bbox 256 2545 307 2597; x_wconf 71' lang='lat' dir='ltr'>R.</span> <span class='ocrx_word' id='word_1_190' title='bbox 331 2545 519 2586; x_wconf 90' lang='lat' dir='ltr'>Domine</span> <span class='ocrx_word' id='word_1_191' title='bbox 538 2550 675 2598; x_wconf 87' lang='lat' dir='ltr'>pater.</span> <span class='ocrx_word' id='word_1_192' title='bbox 693 2546 786 2586; x_wconf 84' lang='lat'>237.</span> 
     </span>
     <span class='ocr_line' id='line_1_42' title="bbox 510 2600 721 2642; baseline 0 -2"><span class='ocrx_word' id='word_1_193' title='bbox 510 2600 662 2642; x_wconf 88' lang='lat' dir='ltr'>Lectio</span> <span class='ocrx_word' id='word_1_194' title='bbox 683 2601 721 2641; x_wconf 90' lang='lat' dir='ltr'>ii.</span> 
     </span>
     <span class='ocr_line' id='line_1_43' title="bbox 249 2657 1027 2710; baseline 0.001 -12"><span class='ocrx_word' id='word_1_195' title='bbox 249 2658 402 2700; x_wconf 94' lang='lat' dir='ltr'>nitium</span> <span class='ocrx_word' id='word_1_196' title='bbox 430 2658 513 2699; x_wconf 89' lang='lat' dir='ltr'>viae</span> <span class='ocrx_word' id='word_1_197' title='bbox 541 2657 689 2707; x_wconf 83' lang='lat' dir='ltr'>bonae,</span> <span class='ocrx_word' id='word_1_198' title='bbox 731 2658 876 2699; x_wconf 88' lang='lat' dir='ltr'>facere</span> <span class='ocrx_word' id='word_1_199' title='bbox 911 2660 1027 2710; x_wconf 88' lang='lat' dir='ltr'>justi-</span> 
     </span>
     <span class='ocr_line' id='line_1_44' title="bbox 266 2715 1029 2768; baseline 0.001 -12"><span class='ocrx_word' id='word_1_200' title='bbox 266 2715 386 2758; x_wconf 85' lang='lat' dir='ltr'>tiam:</span> <span class='ocrx_word' id='word_1_201' title='bbox 418 2716 599 2767; x_wconf 84' lang='lat' dir='ltr'>accepta</span> <span class='ocrx_word' id='word_1_202' title='bbox 632 2720 700 2756; x_wconf 93' lang='lat' dir='ltr'>est</span> <span class='ocrx_word' id='word_1_203' title='bbox 732 2719 878 2756; x_wconf 89' lang='lat' dir='ltr'>autem</span> <span class='ocrx_word' id='word_1_204' title='bbox 910 2715 1029 2768; x_wconf 91' lang='lat' dir='ltr'>apud</span> 
     </span>
    </p>
   </div>
   <div class='ocr_carea' id='block_1_5' title="bbox 1083 290 1918 1769">
    <p class='ocr_par' dir='ltr' id='par_1_5' title="bbox 1087 290 1918 1022">
     <span class='ocr_line' id='line_1_45' title="bbox 1091 290 1917 343; baseline -0.001 -10"><span class='ocrx_word' id='word_1_205' title='bbox 1091 293 1235 333; x_wconf 91' lang='lat' dir='ltr'>Deum</span> <span class='ocrx_word' id='word_1_206' title='bbox 1252 291 1409 342; x_wconf 87' lang='lat' dir='ltr'>magis,</span> <span class='ocrx_word' id='word_1_207' title='bbox 1437 303 1568 343; x_wconf 90' lang='lat' dir='ltr'>quam</span> <span class='ocrx_word' id='word_1_208' title='bbox 1591 291 1819 333; x_wconf 86' lang='lat' dir='ltr'>immolare</span> <span class='ocrx_word' id='word_1_209' title='bbox 1841 290 1917 332; x_wconf 93' lang='lat' dir='ltr'>ho-</span> 
     </span>
     <span class='ocr_line' id='line_1_46' title="bbox 1091 346 1917 391; baseline 0 -2"><span class='ocrx_word' id='word_1_210' title='bbox 1091 348 1208 389; x_wconf 88' lang='lat' dir='ltr'>stias.</span> <span class='ocrx_word' id='word_1_211' title='bbox 1235 346 1536 389; x_wconf 81' lang='lat' dir='ltr'>Misericordia</span> <span class='ocrx_word' id='word_1_212' title='bbox 1557 352 1600 390; x_wconf 88' lang='lat' dir='ltr'>et</span> <span class='ocrx_word' id='word_1_213' title='bbox 1618 348 1803 391; x_wconf 88' lang='lat' dir='ltr'>veritate</span> <span class='ocrx_word' id='word_1_214' title='bbox 1822 346 1917 389; x_wconf 91' lang='lat' dir='ltr'>red·</span> 
     </span>
     <span class='ocr_line' id='line_1_47' title="bbox 1090 404 1916 456; baseline 0.001 -11"><span class='ocrx_word' id='word_1_215' title='bbox 1090 405 1238 446; x_wconf 91' lang='lat' dir='ltr'>imitur</span> <span class='ocrx_word' id='word_1_216' title='bbox 1260 404 1482 456; x_wconf 88' lang='lat' dir='ltr'>iniquitas:</span> <span class='ocrx_word' id='word_1_217' title='bbox 1510 409 1553 446; x_wconf 92' lang='lat' dir='ltr'>et</span> <span class='ocrx_word' id='word_1_218' title='bbox 1578 405 1622 446; x_wconf 92' lang='lat' dir='ltr'>in</span> <span class='ocrx_word' id='word_1_219' title='bbox 1646 404 1803 446; x_wconf 88' lang='lat' dir='ltr'>timore</span> <span class='ocrx_word' id='word_1_220' title='bbox 1827 404 1916 446; x_wconf 95' lang='lat' dir='ltr'>Do-</span> 
     </span>
     <span class='ocr_line' id='line_1_48' title="bbox 1089 460 1917 514; baseline 0.001 -13"><span class='ocrx_word' id='word_1_221' title='bbox 1089 461 1194 502; x_wconf 91' lang='lat' dir='ltr'>mini</span> <span class='ocrx_word' id='word_1_222' title='bbox 1221 460 1464 502; x_wconf 87' lang='lat' dir='ltr'>declinatur</span> <span class='ocrx_word' id='word_1_223' title='bbox 1488 473 1513 502; x_wconf 89' lang='lat' dir='ltr'>a</span> <span class='ocrx_word' id='word_1_224' title='bbox 1535 460 1663 502; x_wconf 89' lang='lat' dir='ltr'>malo.</span> <span class='ocrx_word' id='word_1_225' title='bbox 1701 461 1810 502; x_wconf 88' lang='lat' dir='ltr'>Cum</span> <span class='ocrx_word' id='word_1_226' title='bbox 1827 460 1917 514; x_wconf 89' lang='lat' dir='ltr'>pla-</span> 
     </span>
     <span class='ocr_line' id='line_1_49' title="bbox 1090 516 1916 567; baseline -0.001 -8"><span class='ocrx_word' id='word_1_227' title='bbox 1090 518 1259 559; x_wconf 82' lang='lat' dir='ltr'>cuerint</span> <span class='ocrx_word' id='word_1_228' title='bbox 1284 516 1474 558; x_wconf 91' lang='lat' dir='ltr'>Domino</span> <span class='ocrx_word' id='word_1_229' title='bbox 1499 517 1582 558; x_wconf 87' lang='lat' dir='ltr'>viae</span> <span class='ocrx_word' id='word_1_230' title='bbox 1606 517 1814 567; x_wconf 87' lang='lat' dir='ltr'>hominis,</span> <span class='ocrx_word' id='word_1_231' title='bbox 1841 516 1916 557; x_wconf 87' lang='lat' dir='ltr'>ini-</span> 
     </span>
     <span class='ocr_line' id='line_1_50' title="bbox 1089 549 1916 626; baseline 0.001 -12"><span class='ocrx_word' id='word_1_232' title='bbox 1089 576 1228 615; x_wconf 88' lang='lat' dir='ltr'>micos</span> <span class='ocrx_word' id='word_1_233' title='bbox 1263 585 1441 626; x_wconf 89' lang='lat' dir='ltr'>quoque</span> <span class='ocrx_word' id='word_1_234' title='bbox 1473 574 1565 626; x_wconf 86' lang='lat' dir='ltr'>ejus</span> <span class='ocrx_word' id='word_1_235' title='bbox 1598 549 1827 615; x_wconf 62' lang='lat' dir='ltr'>convertet</span> <span class='ocrx_word' id='word_1_236' title='bbox 1860 572 1916 615; x_wconf 91' lang='lat' dir='ltr'>ad</span> 
     </span>
     <span class='ocr_line' id='line_1_51' title="bbox 1089 630 1916 683; baseline -0.001 -11"><span class='ocrx_word' id='word_1_237' title='bbox 1089 643 1256 683; x_wconf 89' lang='lat' dir='ltr'>pacem</span> <span class='ocrx_word' id='word_1_238' title='bbox 1288 630 1446 671; x_wconf 90' lang='lat' dir='ltr'>Melius</span> <span class='ocrx_word' id='word_1_239' title='bbox 1472 635 1539 672; x_wconf 91' lang='grc' dir='ltr'>θεῖ</span> <span class='ocrx_word' id='word_1_240' title='bbox 1559 643 1715 683; x_wconf 92' lang='lat' dir='ltr'>parum</span> <span class='ocrx_word' id='word_1_241' title='bbox 1740 642 1839 671; x_wconf 91' lang='lat' dir='ltr'>cum</span> <span class='ocrx_word' id='word_1_242' title='bbox 1858 630 1916 681; x_wconf 87' lang='lat' dir='ltr'>ju·</span> 
     </span>
     <span class='ocr_line' id='line_1_52' title="bbox 1090 686 1916 739; baseline 0 -11"><span class='ocrx_word' id='word_1_243' title='bbox 1090 687 1222 737; x_wconf 89' lang='lat' dir='ltr'>stitia,</span> <span class='ocrx_word' id='word_1_244' title='bbox 1244 699 1375 739; x_wconf 92' lang='lat' dir='ltr'>quam</span> <span class='ocrx_word' id='word_1_245' title='bbox 1393 686 1518 728; x_wconf 91' lang='lat' dir='ltr'>multi</span> <span class='ocrx_word' id='word_1_246' title='bbox 1538 686 1704 728; x_wconf 85' lang='lat' dir='ltr'>fructus</span> <span class='ocrx_word' id='word_1_247' title='bbox 1724 699 1824 728; x_wconf 91' lang='lat' dir='ltr'>cum</span> <span class='ocrx_word' id='word_1_248' title='bbox 1841 686 1916 727; x_wconf 90' lang='lat' dir='ltr'>ini-</span> 
     </span>
     <span class='ocr_line' id='line_1_53' title="bbox 1091 742 1918 796; baseline 0 -12"><span class='ocrx_word' id='word_1_249' title='bbox 1091 744 1267 795; x_wconf 89' lang='lat' dir='ltr'>quitate.</span> <span class='ocrx_word' id='word_1_250' title='bbox 1288 744 1374 785; x_wconf 91' lang='lat' dir='ltr'>Cor</span> <span class='ocrx_word' id='word_1_251' title='bbox 1393 743 1580 785; x_wconf 89' lang='lat' dir='ltr'>hominis</span> <span class='ocrx_word' id='word_1_252' title='bbox 1595 742 1789 796; x_wconf 90' lang='lat' dir='ltr'>disponit</span> <span class='ocrx_word' id='word_1_253' title='bbox 1802 742 1918 784; x_wconf 90' lang='lat' dir='ltr'>viam</span> 
     </span>
     <span class='ocr_line' id='line_1_54' title="bbox 1090 799 1916 851; baseline 0.001 -11"><span class='ocrx_word' id='word_1_254' title='bbox 1090 813 1230 841; x_wconf 89' lang='lat' dir='ltr'>suam:</span> <span class='ocrx_word' id='word_1_255' title='bbox 1276 800 1357 842; x_wconf 85' lang='lat' dir='ltr'>sed</span> <span class='ocrx_word' id='word_1_256' title='bbox 1398 799 1576 842; x_wconf 84' lang='lat' dir='ltr'>Domini</span> <span class='ocrx_word' id='word_1_257' title='bbox 1617 805 1685 842; x_wconf 88' lang='grc' dir='ltr'>θεῖ</span> <span class='ocrx_word' id='word_1_258' title='bbox 1728 799 1916 851; x_wconf 86' lang='lat' dir='ltr'>dirigere</span> 
     </span>
     <span class='ocr_line' id='line_1_55' title="bbox 1087 858 1386 908; baseline -0.003 -10"><span class='ocrx_word' id='word_1_259' title='bbox 1087 869 1265 907; x_wconf 87' lang='lat' dir='ltr'>gressus</span> <span class='ocrx_word' id='word_1_260' title='bbox 1285 858 1386 908; x_wconf 88' lang='lat' dir='ltr'>ejus.</span> 
     </span>
     <span class='ocr_line' id='line_1_56' title="bbox 1136 912 1636 969; baseline -0.004 -14"><span class='ocrx_word' id='word_1_261' title='bbox 1136 916 1188 968; x_wconf 71' lang='lat' dir='ltr'>R.</span> <span class='ocrx_word' id='word_1_262' title='bbox 1221 913 1381 969; x_wconf 89' lang='lat' dir='ltr'>Magna</span> <span class='ocrx_word' id='word_1_263' title='bbox 1400 912 1525 954; x_wconf 87' lang='lat' dir='ltr'>enim.</span> <span class='ocrx_word' id='word_1_264' title='bbox 1543 912 1636 954; x_wconf 89' lang='lat'><strong>237.</strong></span> 
     </span>
     <span class='ocr_line' id='line_1_57' title="bbox 1385 981 1614 1022; baseline -0.004 0"><span class='ocrx_word' id='word_1_265' title='bbox 1385 981 1538 1022; x_wconf 91' lang='lat' dir='ltr'>Lectio</span> <span class='ocrx_word' id='word_1_266' title='bbox 1558 981 1614 1021; x_wconf 89' lang='lat' dir='ltr'>iii.</span> 
     </span>
    </p>

    <p class='ocr_par' dir='ltr' id='par_1_6' title="bbox 1083 1032 1917 1138">
     <span class='ocr_line' id='line_1_58' title="bbox 1083 1032 1917 1138; baseline 0.001 -63"><span class='ocrx_word' id='word_1_267' title='bbox 1083 1032 1357 1138; x_wconf 75' lang='lat' dir='ltr'>Divinatio</span> <span class='ocrx_word' id='word_1_268' title='bbox 1381 1034 1425 1074; x_wconf 94' lang='lat' dir='ltr'>in</span> <span class='ocrx_word' id='word_1_269' title='bbox 1443 1034 1571 1076; x_wconf 89' lang='lat' dir='ltr'>labiis</span> <span class='ocrx_word' id='word_1_270' title='bbox 1590 1035 1723 1086; x_wconf 90' lang='lat' dir='ltr'>regis,</span> <span class='ocrx_word' id='word_1_271' title='bbox 1749 1035 1793 1076; x_wconf 93' lang='lat' dir='ltr'>in</span> <span class='ocrx_word' id='word_1_272' title='bbox 1812 1034 1917 1087; x_wconf 86' lang='lat' dir='ltr'>judi-</span> 
     </span>
    </p>

    <p class='ocr_par' dir='ltr' id='par_1_7' title="bbox 1085 1090 1917 1714">
     <span class='ocr_line' id='line_1_59' title="bbox 1191 1090 1915 1143; baseline 0.001 -11"><span class='ocrx_word' id='word_1_273' title='bbox 1191 1091 1259 1132; x_wconf 93' lang='lat' dir='ltr'>cio</span> <span class='ocrx_word' id='word_1_274' title='bbox 1286 1103 1375 1132; x_wconf 92' lang='lat' dir='ltr'>non</span> <span class='ocrx_word' id='word_1_275' title='bbox 1400 1090 1565 1132; x_wconf 89' lang='lat' dir='ltr'>errabit</span> <span class='ocrx_word' id='word_1_276' title='bbox 1589 1103 1639 1132; x_wconf 92' lang='lat' dir='ltr'>os</span> <span class='ocrx_word' id='word_1_277' title='bbox 1666 1092 1768 1143; x_wconf 88' lang='lat' dir='ltr'>ejus.</span> <span class='ocrx_word' id='word_1_278' title='bbox 1804 1092 1915 1133; x_wconf 92' lang='lat' dir='ltr'>Pon-</span> 
     </span>
     <span class='ocr_line' id='line_1_60' title="bbox 1089 1146 1917 1198; baseline 0 -10"><span class='ocrx_word' id='word_1_279' title='bbox 1089 1146 1172 1189; x_wconf 91' lang='lat' dir='ltr'>dus</span> <span class='ocrx_word' id='word_1_280' title='bbox 1192 1152 1236 1189; x_wconf 89' lang='lat' dir='ltr'>et</span> <span class='ocrx_word' id='word_1_281' title='bbox 1255 1148 1418 1189; x_wconf 89' lang='lat' dir='ltr'>statera</span> <span class='ocrx_word' id='word_1_282' title='bbox 1437 1146 1596 1198; x_wconf 88' lang='lat' dir='ltr'>judicia</span> <span class='ocrx_word' id='word_1_283' title='bbox 1609 1147 1788 1189; x_wconf 92' lang='lat' dir='ltr'>Domini</span> <span class='ocrx_word' id='word_1_284' title='bbox 1802 1152 1917 1190; x_wconf 88' lang='lat' dir='ltr'>sunt:</span> 
     </span>
     <span class='ocr_line' id='line_1_61' title="bbox 1089 1203 1916 1257; baseline 0.001 -12"><span class='ocrx_word' id='word_1_285' title='bbox 1089 1209 1134 1245; x_wconf 91' lang='lat' dir='ltr'>et</span> <span class='ocrx_word' id='word_1_286' title='bbox 1162 1206 1299 1256; x_wconf 91' lang='lat' dir='ltr'>opera</span> <span class='ocrx_word' id='word_1_287' title='bbox 1327 1204 1417 1255; x_wconf 87' lang='lat' dir='ltr'>ejus</span> <span class='ocrx_word' id='word_1_288' title='bbox 1446 1215 1600 1245; x_wconf 85' lang='lat' dir='ltr'>omnes</span> <span class='ocrx_word' id='word_1_289' title='bbox 1627 1203 1799 1257; x_wconf 86' lang='lat' dir='ltr'>lapides</span> <span class='ocrx_word' id='word_1_290' title='bbox 1825 1206 1916 1246; x_wconf 84' lang='lat' dir='ltr'>sac-</span> 
     </span>
     <span class='ocr_line' id='line_1_62' title="bbox 1089 1259 1917 1313; baseline 0.001 -12"><span class='ocrx_word' id='word_1_291' title='bbox 1089 1260 1186 1302; x_wconf 94' lang='lat' dir='ltr'>culi.</span> <span class='ocrx_word' id='word_1_292' title='bbox 1219 1259 1554 1302; x_wconf 88' lang='lat' dir='ltr'>Abominabiles</span> <span class='ocrx_word' id='word_1_293' title='bbox 1578 1261 1670 1311; x_wconf 89' lang='lat' dir='ltr'>regi</span> <span class='ocrx_word' id='word_1_294' title='bbox 1691 1261 1765 1313; x_wconf 94' lang='lat' dir='ltr'>qui</span> <span class='ocrx_word' id='word_1_295' title='bbox 1784 1266 1917 1313; x_wconf 89' lang='lat' dir='ltr'>agunt</span> 
     </span>
     <span class='ocr_line' id='line_1_63' title="bbox 1087 1317 1917 1370; baseline 0.002 -12"><span class='ocrx_word' id='word_1_296' title='bbox 1087 1318 1234 1370; x_wconf 90' lang='lat' dir='ltr'>impie:</span> <span class='ocrx_word' id='word_1_297' title='bbox 1277 1317 1484 1370; x_wconf 90' lang='lat' dir='ltr'>quoniam</span> <span class='ocrx_word' id='word_1_298' title='bbox 1520 1318 1685 1369; x_wconf 87' lang='lat' dir='ltr'>justitia</span> <span class='ocrx_word' id='word_1_299' title='bbox 1720 1318 1917 1360; x_wconf 87' lang='lat' dir='ltr'>firmatur</span> 
     </span>
     <span class='ocr_line' id='line_1_64' title="bbox 1088 1373 1916 1427; baseline 0.001 -12"><span class='ocrx_word' id='word_1_300' title='bbox 1088 1373 1256 1415; x_wconf 90' lang='lat' dir='ltr'>solium.</span> <span class='ocrx_word' id='word_1_301' title='bbox 1292 1373 1512 1416; x_wconf 80' lang='lat' dir='ltr'>Voluntas</span> <span class='ocrx_word' id='word_1_302' title='bbox 1538 1386 1691 1425; x_wconf 88' lang='lat' dir='ltr'>regum</span> <span class='ocrx_word' id='word_1_303' title='bbox 1716 1374 1834 1416; x_wconf 87' lang='lat' dir='ltr'>labia</span> <span class='ocrx_word' id='word_1_304' title='bbox 1858 1375 1916 1427; x_wconf 81' lang='lat' dir='ltr'>ju·-</span> 
     </span>
     <span class='ocr_line' id='line_1_65' title="bbox 1088 1430 1916 1483; baseline 0 -11"><span class='ocrx_word' id='word_1_305' title='bbox 1088 1436 1170 1472; x_wconf 89' lang='lat' dir='ltr'>sta:</span> <span class='ocrx_word' id='word_1_306' title='bbox 1204 1431 1278 1483; x_wconf 94' lang='lat' dir='ltr'>qui</span> <span class='ocrx_word' id='word_1_307' title='bbox 1305 1435 1427 1472; x_wconf 90' lang='lat' dir='ltr'>recta</span> <span class='ocrx_word' id='word_1_308' title='bbox 1454 1430 1668 1483; x_wconf 86' lang='lat' dir='ltr'>loquitur,</span> <span class='ocrx_word' id='word_1_309' title='bbox 1696 1430 1916 1483; x_wconf 87' lang='lat' dir='ltr'>diligetur:</span> 
     </span>
     <span class='ocr_line' id='line_1_66' title="bbox 1086 1487 1916 1539; baseline 0.002 -11"><span class='ocrx_word' id='word_1_310' title='bbox 1086 1487 1338 1539; x_wconf 86' lang='lat' dir='ltr'>Indignatio</span> <span class='ocrx_word' id='word_1_311' title='bbox 1358 1488 1489 1538; x_wconf 90' lang='lat' dir='ltr'>regis,</span> <span class='ocrx_word' id='word_1_312' title='bbox 1515 1487 1656 1529; x_wconf 82' lang='lat' dir='ltr'>nuntii</span> <span class='ocrx_word' id='word_1_313' title='bbox 1674 1489 1846 1530; x_wconf 89' lang='lat' dir='ltr'>mortis:</span> <span class='ocrx_word' id='word_1_314' title='bbox 1872 1493 1916 1530; x_wconf 89' lang='lat' dir='ltr'>et</span> 
     </span>
     <span class='ocr_line' id='line_1_67' title="bbox 1086 1543 1915 1598; baseline 0.001 -12"><span class='ocrx_word' id='word_1_315' title='bbox 1086 1544 1152 1586; x_wconf 92' lang='lat' dir='ltr'>vir</span> <span class='ocrx_word' id='word_1_316' title='bbox 1177 1544 1353 1597; x_wconf 86' lang='lat' dir='ltr'>sapiens</span> <span class='ocrx_word' id='word_1_317' title='bbox 1376 1543 1572 1598; x_wconf 87' lang='lat' dir='ltr'>placabit</span> <span class='ocrx_word' id='word_1_318' title='bbox 1598 1557 1705 1586; x_wconf 89' lang='lat' dir='ltr'>eam.</span> <span class='ocrx_word' id='word_1_319' title='bbox 1742 1545 1792 1585; x_wconf 92' lang='lat' dir='ltr'>In</span> <span class='ocrx_word' id='word_1_320' title='bbox 1811 1545 1915 1587; x_wconf 80' lang='lat' dir='ltr'>hila-</span> 
     </span>
     <span class='ocr_line' id='line_1_68' title="bbox 1086 1601 1914 1653; baseline 0.001 -11"><span class='ocrx_word' id='word_1_321' title='bbox 1086 1601 1215 1643; x_wconf 89' lang='lat' dir='ltr'>ritate</span> <span class='ocrx_word' id='word_1_322' title='bbox 1234 1601 1380 1643; x_wconf 91' lang='lat' dir='ltr'>vultus</span> <span class='ocrx_word' id='word_1_323' title='bbox 1399 1601 1526 1653; x_wconf 87' lang='lat' dir='ltr'>regis,</span> <span class='ocrx_word' id='word_1_324' title='bbox 1544 1601 1648 1643; x_wconf 90' lang='lat' dir='ltr'>vita:</span> <span class='ocrx_word' id='word_1_325' title='bbox 1668 1606 1712 1643; x_wconf 93' lang='lat' dir='ltr'>et</span> <span class='ocrx_word' id='word_1_326' title='bbox 1730 1601 1914 1644; x_wconf 90' lang='lat' dir='ltr'>clemen-</span> 
     </span>
     <span class='ocr_line' id='line_1_69' title="bbox 1085 1657 1807 1714; baseline 0.001 -16"><span class='ocrx_word' id='word_1_327' title='bbox 1085 1658 1146 1699; x_wconf 88' lang='lat' dir='ltr'>tia</span> <span class='ocrx_word' id='word_1_328' title='bbox 1166 1659 1257 1711; x_wconf 90' lang='lat' dir='ltr'>ejus</span> <span class='ocrx_word' id='word_1_329' title='bbox 1278 1658 1403 1714; x_wconf 81' lang='lat' dir='ltr'>quasi</span> <span class='ocrx_word' id='word_1_330' title='bbox 1420 1657 1560 1700; x_wconf 91' lang='lat' dir='ltr'>imber</span> <span class='ocrx_word' id='word_1_331' title='bbox 1578 1658 1807 1700; x_wconf 88' lang='lat' dir='ltr'>serotinus.</span> 
     </span>
    </p>

    <p class='ocr_par' dir='ltr' id='par_1_8' title="bbox 1135 1715 1564 1769">
     <span class='ocr_line' id='line_1_70' title="bbox 1135 1715 1564 1769; baseline -0.002 -13"><span class='ocrx_word' id='word_1_332' title='bbox 1135 1717 1187 1769; x_wconf 73' lang='lat' dir='ltr'>R.</span> <span class='ocrx_word' id='word_1_333' title='bbox 1216 1716 1324 1766; x_wconf 85' lang='lat' dir='ltr'>Quae</span> <span class='ocrx_word' id='word_1_334' title='bbox 1344 1719 1455 1757; x_wconf 90' lang='lat' dir='ltr'>sunt.</span> <span class='ocrx_word' id='word_1_335' title='bbox 1473 1715 1564 1756; x_wconf 87' lang='lat'>237.</span> 
     </span>
    </p>
   </div>
   <div class='ocr_carea' id='block_1_6' title="bbox 1084 1779 1914 1936">
    <p class='ocr_par' dir='ltr' id='par_1_9' title="bbox 1084 1779 1914 1936">
     <span class='ocr_line' id='line_1_71' title="bbox 1135 1779 1913 1833; baseline -0.003 -11"><span class='ocrx_word' id='word_1_336' title='bbox 1135 1781 1207 1823; x_wconf 89' lang='lat' dir='ltr'>Ad</span> <span class='ocrx_word' id='word_1_337' title='bbox 1231 1781 1404 1833; x_wconf 81' lang='lat' dir='ltr'>Magnis.</span> <span class='ocrx_word' id='word_1_338' title='bbox 1437 1782 1537 1823; x_wconf 90' lang='lat' dir='ltr'>Ant.</span> <span class='ocrx_word' id='word_1_339' title='bbox 1569 1782 1668 1831; x_wconf 91' lang='lat' dir='ltr'>Ego</span> <span class='ocrx_word' id='word_1_340' title='bbox 1691 1779 1737 1820; x_wconf 92' lang='lat' dir='ltr'>in</span> <span class='ocrx_word' id='word_1_341' title='bbox 1760 1779 1913 1821; x_wconf 87' lang='lat' dir='ltr'>altissi-</span> 
     </span>
     <span class='ocr_line' id='line_1_72' title="bbox 1084 1836 1914 1879; baseline 0.001 -2"><span class='ocrx_word' id='word_1_342' title='bbox 1084 1837 1167 1877; x_wconf 90' lang='lat' dir='ltr'>mis</span> <span class='ocrx_word' id='word_1_343' title='bbox 1187 1837 1211 1863; x_wconf 82' lang='lat'><strong>*</strong></span> <span class='ocrx_word' id='word_1_344' title='bbox 1236 1836 1404 1879; x_wconf 88' lang='lat' dir='ltr'>habito:</span> <span class='ocrx_word' id='word_1_345' title='bbox 1437 1841 1481 1879; x_wconf 91' lang='lat' dir='ltr'>et</span> <span class='ocrx_word' id='word_1_346' title='bbox 1507 1836 1691 1879; x_wconf 88' lang='lat' dir='ltr'>thronus</span> <span class='ocrx_word' id='word_1_347' title='bbox 1718 1849 1842 1879; x_wconf 87' lang='lat' dir='ltr'>meus</span> <span class='ocrx_word' id='word_1_348' title='bbox 1869 1836 1914 1878; x_wconf 93' lang='lat' dir='ltr'>in</span> 
     </span>
     <span class='ocr_line' id='line_1_73' title="bbox 1086 1893 1448 1936; baseline -0.003 -1"><span class='ocrx_word' id='word_1_349' title='bbox 1086 1893 1290 1935; x_wconf 81' lang='lat' dir='ltr'>columna</span> <span class='ocrx_word' id='word_1_350' title='bbox 1307 1893 1448 1936; x_wconf 91' lang='lat' dir='ltr'>nubis.</span> 
     </span>
    </p>
   </div>
   <div class='ocr_carea' id='block_1_7' title="bbox 1084 1947 1913 2060">
    <p class='ocr_par' dir='ltr' id='par_1_10' title="bbox 1084 1947 1913 2060">
     <span class='ocr_line' id='line_1_74' title="bbox 1135 1947 1913 2004; baseline -0.001 -13"><span class='ocrx_word' id='word_1_351' title='bbox 1135 1948 1186 1998; x_wconf 70' lang='lat' dir='ltr'>V.</span> <span class='ocrx_word' id='word_1_352' title='bbox 1222 1950 1490 2004; x_wconf 88' lang='lat' dir='ltr'>Vespertina</span> <span class='ocrx_word' id='word_1_353' title='bbox 1525 1950 1668 1992; x_wconf 87' lang='lat' dir='ltr'>oratio</span> <span class='ocrx_word' id='word_1_354' title='bbox 1703 1947 1913 1991; x_wconf 89' lang='lat' dir='ltr'>ascendat</span> 
     </span>
     <span class='ocr_line' id='line_1_75' title="bbox 1084 2004 1913 2060; baseline -0.002 -11"><span class='ocrx_word' id='word_1_355' title='bbox 1084 2007 1141 2049; x_wconf 92' lang='lat' dir='ltr'>ad</span> <span class='ocrx_word' id='word_1_356' title='bbox 1171 2013 1216 2050; x_wconf 93' lang='lat' dir='ltr'>te</span> <span class='ocrx_word' id='word_1_357' title='bbox 1246 2007 1445 2049; x_wconf 90' lang='lat' dir='ltr'>Domine.</span> <span class='ocrx_word' id='word_1_358' title='bbox 1497 2007 1548 2060; x_wconf 73' lang='lat' dir='ltr'>R.</span> <span class='ocrx_word' id='word_1_359' title='bbox 1583 2007 1642 2048; x_wconf 86' lang='lat' dir='ltr'>Et</span> <span class='ocrx_word' id='word_1_360' title='bbox 1673 2004 1913 2048; x_wconf 86' lang='lat' dir='ltr'>descendat</span> 
     </span>
    </p>
   </div>
   <div class='ocr_carea' id='block_1_8' title="bbox 1085 2061 1739 2174">
    <p class='ocr_par' dir='ltr' id='par_1_11' title="bbox 1085 2061 1739 2174">
     <span class='ocr_line' id='line_1_76' title="bbox 1085 2061 1739 2118; baseline -0.002 -13"><span class='ocrx_word' id='word_1_361' title='bbox 1085 2077 1216 2118; x_wconf 89' lang='lat' dir='ltr'>super</span> <span class='ocrx_word' id='word_1_362' title='bbox 1234 2077 1317 2106; x_wconf 92' lang='lat' dir='ltr'>nos</span> <span class='ocrx_word' id='word_1_363' title='bbox 1334 2061 1635 2106; x_wconf 86' lang='lat' dir='ltr'>misericordia</span> <span class='ocrx_word' id='word_1_364' title='bbox 1652 2067 1739 2104; x_wconf 89' lang='lat' dir='ltr'>tua.</span> 
     </span>
     <span class='ocr_line' id='line_1_77' title="bbox 1290 2145 1706 2174; baseline -0.002 -13"><span class='ocrx_word' id='word_1_365' title='bbox 1290 2145 1706 2174; x_wconf 32' lang='grc' dir='ltr'>θμ-</span> 
     </span>
    </p>
   </div>
   <div class='ocr_carea' id='block_1_9' title="bbox 1180 2218 1814 2280">
    <p class='ocr_par' dir='ltr' id='par_1_12' title="bbox 1180 2218 1814 2280">
     <span class='ocr_line' id='line_1_78' title="bbox 1180 2218 1814 2280; baseline -0.003 -11"><span class='ocrx_word' id='word_1_366' title='bbox 1180 2219 1455 2269; x_wconf 84' lang='lat' dir='ltr'>Dominica</span> <span class='ocrx_word' id='word_1_367' title='bbox 1477 2219 1542 2269; x_wconf 92' lang='lat' dir='ltr'>II.</span> <span class='ocrx_word' id='word_1_368' title='bbox 1564 2218 1814 2280; x_wconf 82' lang='lat' dir='ltr'>Augusti.</span> 
     </span>
    </p>
   </div>
   <div class='ocr_carea' id='block_1_10' title="bbox 1317 2291 1675 2332">
    <p class='ocr_par' dir='ltr' id='par_1_13' title="bbox 1317 2291 1675 2332">
     <span class='ocr_line' id='line_1_79' title="bbox 1317 2291 1675 2332; baseline 0.003 -1"><span class='ocrx_word' id='word_1_369' title='bbox 1317 2292 1366 2331; x_wconf 90' lang='lat' dir='ltr'>In</span> <span class='ocrx_word' id='word_1_370' title='bbox 1393 2292 1423 2332; x_wconf 94' lang='grc' dir='ltr'>Ι.</span> <span class='ocrx_word' id='word_1_371' title='bbox 1451 2291 1675 2332; x_wconf 80' lang='lat' dir='ltr'>Nocturno.</span> 
     </span>
    </p>
   </div>
   <div class='ocr_carea' id='block_1_11' title="bbox 1135 2358 1856 2475">
    <p class='ocr_par' dir='ltr' id='par_1_14' title="bbox 1135 2358 1856 2475">
     <span class='ocr_line' id='line_1_80' title="bbox 1186 2358 1807 2412; baseline -0.002 -12"><span class='ocrx_word' id='word_1_372' title='bbox 1186 2359 1348 2412; x_wconf 87' lang='lat' dir='ltr'>Incipit</span> <span class='ocrx_word' id='word_1_373' title='bbox 1371 2358 1482 2401; x_wconf 90' lang='lat' dir='ltr'>liber</span> <span class='ocrx_word' id='word_1_374' title='bbox 1506 2358 1807 2400; x_wconf 83' lang='lat' dir='ltr'>Ecclesiastes.</span> 
     </span>
     <span class='ocr_line' id='line_1_81' title="bbox 1135 2420 1856 2475; baseline 0.001 -13"><span class='ocrx_word' id='word_1_375' title='bbox 1135 2420 1288 2462; x_wconf 92' lang='lat' dir='ltr'>Lectio</span> <span class='ocrx_word' id='word_1_376' title='bbox 1308 2421 1332 2461; x_wconf 91' lang='lat' dir='ltr'>i.</span> <span class='ocrx_word' id='word_1_377' title='bbox 1703 2422 1807 2475; x_wconf 88' lang='lat' dir='ltr'>Cap.</span> <span class='ocrx_word' id='word_1_378' title='bbox 1827 2423 1856 2463; x_wconf 93' lang='lat'>1.</span> 
     </span>
    </p>
   </div>
   <div class='ocr_carea' id='block_1_12' title="bbox 1083 2488 1910 2709">
    <p class='ocr_par' dir='ltr' id='par_1_15' title="bbox 1083 2488 1910 2703">
     <span class='ocr_line' id='line_1_82' title="bbox 1092 2488 1910 2580; baseline -0.002 -48"><span class='ocrx_word' id='word_1_379' title='bbox 1092 2509 1123 2580; x_wconf 49' lang='grc' dir='ltr'>τὲ</span> <span class='ocrx_word' id='word_1_380' title='bbox 1130 2503 1223 2552; x_wconf 48' lang='lat' dir='ltr'>1125ss</span> <span class='ocrx_word' id='word_1_381' title='bbox 1239 2490 1343 2532; x_wconf 90' lang='lat' dir='ltr'>erba</span> <span class='ocrx_word' id='word_1_382' title='bbox 1358 2490 1650 2540; x_wconf 87' lang='lat' dir='ltr'>Ecclesiastae,</span> <span class='ocrx_word' id='word_1_383' title='bbox 1665 2489 1742 2530; x_wconf 88' lang='lat' dir='ltr'>filii</span> <span class='ocrx_word' id='word_1_384' title='bbox 1755 2488 1910 2538; x_wconf 88' lang='lat' dir='ltr'>David,</span> 
     </span>
     <span class='ocr_line' id='line_1_83' title="bbox 1095 2545 1910 2612; baseline -0.005 -20.99"><span class='ocrx_word' id='word_1_385' title='bbox 1095 2555 1135 2612; x_wconf 58' lang='lat' dir='ltr'>{i</span> <span class='ocrx_word' id='word_1_386' title='bbox 1191 2549 1224 2611; x_wconf 66' lang='lat'>5}</span> <span class='ocrx_word' id='word_1_387' title='bbox 1256 2547 1371 2598; x_wconf 88' lang='lat' dir='ltr'>regis</span> <span class='ocrx_word' id='word_1_388' title='bbox 1418 2546 1670 2589; x_wconf 87' lang='lat' dir='ltr'>Jerusalem.</span> <span class='ocrx_word' id='word_1_389' title='bbox 1725 2545 1910 2588; x_wconf 89' lang='lat' dir='ltr'>Vanitas</span> 
     </span>
     <span class='ocr_line' id='line_1_84' title="bbox 1089 2601 1909 2654; baseline -0.001 -9"><span class='ocrx_word' id='word_1_390' title='bbox 1089 2601 1231 2628; x_wconf 34' lang='lat'>&amp;²³³2</span> <span class='ocrx_word' id='word_1_391' title='bbox 1258 2603 1516 2654; x_wconf 91' lang='lat' dir='ltr'>vanitatum,</span> <span class='ocrx_word' id='word_1_392' title='bbox 1553 2603 1663 2646; x_wconf 84' lang='lat' dir='ltr'>dixit</span> <span class='ocrx_word' id='word_1_393' title='bbox 1694 2602 1909 2644; x_wconf 88' lang='lat' dir='ltr'>Ecclesia—</span> 
     </span>
     <span class='ocr_line' id='line_1_85' title="bbox 1083 2635 1910 2709; baseline -0.001 -8"><span class='ocrx_word' id='word_1_394' title='bbox 1083 2665 1187 2701; x_wconf 91' lang='lat' dir='ltr'>stes:</span> <span class='ocrx_word' id='word_1_395' title='bbox 1215 2660 1384 2702; x_wconf 89' lang='lat' dir='ltr'>vanitas</span> <span class='ocrx_word' id='word_1_396' title='bbox 1410 2635 1666 2709; x_wconf 88' lang='lat' dir='ltr'>vanitatum,</span> <span class='ocrx_word' id='word_1_397' title='bbox 1696 2664 1741 2701; x_wconf 87' lang='lat' dir='ltr'>et</span> <span class='ocrx_word' id='word_1_398' title='bbox 1765 2659 1910 2700; x_wconf 91' lang='lat' dir='ltr'>omnia</span> 
     </span>
    </p>
   </div>
   <div class='ocr_carea' id='block_1_13' title="bbox 1082 2714 1908 2769">
    <p class='ocr_par' dir='ltr' id='par_1_16' title="bbox 1082 2714 1908 2769">
     <span class='ocr_line' id='line_1_86' title="bbox 1082 2714 1908 2769; baseline 0 -12"><span class='ocrx_word' id='word_1_399' title='bbox 1082 2716 1261 2758; x_wconf 86' lang='lat' dir='ltr'>vanitas.</span> <span class='ocrx_word' id='word_1_400' title='bbox 1288 2717 1404 2767; x_wconf 91' lang='lat' dir='ltr'>Quid</span> <span class='ocrx_word' id='word_1_401' title='bbox 1423 2717 1556 2759; x_wconf 91' lang='lat' dir='ltr'>habet</span> <span class='ocrx_word' id='word_1_402' title='bbox 1575 2715 1760 2769; x_wconf 87' lang='lat' dir='ltr'>amplius</span> <span class='ocrx_word' id='word_1_403' title='bbox 1774 2714 1908 2757; x_wconf 92' lang='lat' dir='ltr'>homo</span> 
     </span>
    </p>
   </div>
   <div class='ocr_carea' id='block_1_14' title="bbox 144 132 1970 2836">
    <p class='ocr_par' dir='ltr' id='par_1_17' title="bbox 144 132 1970 2836">
     <span class='ocr_line' id='line_1_87' title="bbox 144 132 1970 2836; baseline 0 0"><span class='ocrx_word' id='word_1_404' title='bbox 144 132 1970 2836; x_wconf 95' lang='lat' dir='ltr'> </span> 
     </span>
    </p>
   </div>
  </div>
 </body>
</html>
