2040 2976
478 172 550 206 Die
578 172 628 207 19.
651 172 769 206 Junii.
815 172 851 206 S.
876 171 1045 206 Julianae
1070 171 1117 205 de
1141 171 1380 206 Falconeriis
1404 172 1510 214 Virg.

149 267 320 309 decimo
358 267 512 318 quinto
550 266 695 307 aetatis
727 278 819 307 suae
852 278 976 315 anno,

147 336 195 365 re
220 323 436 372 familiari,
463 323 567 364 licet
592 322 818 375 opulenta,
845 327 976 363 terre-

147 381 302 431 nisque
342 378 609 432 posthabitis
652 378 834 431 nuptiis,
879 379 976 419 Deo

147 435 441 486 virginitatem
466 435 510 475 in
535 434 738 475 manibus
765 433 854 475 divi
878 433 975 474 Phi-

147 491 258 544 lippi
283 491 445 532 Benitii
472 490 724 532 solemniter
748 489 887 538 vovit,
921 489 976 531 ab

147 549 290 598 eoque
323 547 517 588 omnium
551 546 693 598 prima
724 545 977 595 religiosum

146 603 502 645 Mantellatarum
520 601 728 651 habitum,
748 606 796 643 ut
814 600 976 648 dicunt,

149 659 346 711 sumpsit.

195 717 247 768 R.
289 715 478 767 Propter
508 714 752 762 veritatem,
785 718 828 754 et
858 726 974 754 man-

147 771 439 820 suetudinem,
467 775 511 812 et
537 769 760 822 justitiam,
779 774 802 798 *
822 769 878 810 Et
903 769 974 810 de-

147 827 280 869 ducet
314 831 359 868 te
390 825 646 868 mirabiliter
677 824 858 866 dextera
889 830 975 866 tua.

143 880 193 932 V.
215 883 371 935 Specie
389 887 475 932 tua,
495 887 539 923 et
556 880 882 934 pulchritudine
901 886 976 922 tua

146 938 337 988 intende,
365 940 580 991 prospere
603 936 813 990 procede,
842 942 886 978 et
912 950 976 978 re-

147 1007 242 1045 gna.
270 995 328 1036 Et
346 993 548 1036 deducet.

452 1054 606 1094 Lectio
626 1067 663 1093 v.

214 1105 375 1147 ulianae
405 1104 654 1157 exemplum
683 1107 849 1146 secutae
878 1110 978 1146 sunt

146 1218 216 1259 liis
233 1161 436 1259 ἳὲᾟέῒέ
541 1159 838 1268 ἚὲῗέῗὲξΞ
858 1160 978 1257 Ἑῖἳὲ

146 1287 244 1316 sese
272 1273 477 1324 religi6se
505 1271 816 1314 instituendam
844 1271 977 1321 dedit,

146 1331 206 1372 ita
225 1335 288 1379 ut,
309 1334 439 1382 aucto
459 1328 890 1381 paulatim‘numerQ
911 1330 977 1369 or-

148 1385 295 1428 dinem
329 1384 683 1426 Mantellatarum
725 1384 977 1433 instituerit,

147 1454 198 1483 ac
236 1441 298 1482 illi
334 1441 406 1493 pie
437 1440 614 1481 vivendi
649 1440 770 1491 leges
808 1453 977 1481 summa

146 1496 381 1550 prudentia
404 1509 456 1537 ac
481 1496 715 1537 sanctitate
735 1494 979 1537 tradiderit.

146 1553 250 1604 Ejus
276 1553 463 1594 virtutes
488 1565 587 1593 cum
613 1551 778 1604 optime
802 1553 980 1603 perspe-

147 1614 241 1651 etas
262 1608 389 1651 divus
409 1608 610 1650 Benitius
629 1607 826 1657 haberet,
847 1608 979 1649 morti

146 1665 390 1717 proximus,
416 1663 524 1705 nulli
549 1663 721 1712 melius,
749 1676 880 1715 quam
906 1664 931 1704 J
932 1677 976 1704 u-

73 1726 84 1738 ·
147 1721 290 1771 lianae‚
314 1733 403 1762 non
422 1720 605 1761 feminas
624 1724 810 1769 tantum,
836 1719 916 1761 sed
936 1725 978 1761 et

148 1781 291 1818 totum
324 1776 561 1818 Servorum
599 1775 813 1825 ordinem,
857 1777 978 1827 cujus

147 1834 436 1885 propagator,
461 1837 505 1874 et
527 1831 784 1874 moderator
803 1834 978 1873 exstite-

148 1894 232 1939 rat,
259 1886 615 1930 commendatum
633 1887 783 1929 voluit.
810 1889 978 1930 Verum

148 1945 245 1997 ipsa
265 1944 454 1986 demisse
475 1956 650 1997 semper
669 1943 724 1986 de
747 1957 795 1985 se
815 1944 977 1995 cogita-

147 2000 239 2051 bat;
265 2006 309 2042 et
329 2013 427 2042 cum
447 2002 692 2042 ceterarum
712 2005 828 2042 esset
847 2002 978 2050 magi-

149 2063 257 2106 stra,
275 2056 319 2097 in
336 2069 383 2098 re
404 2068 579 2108 quaque
599 2055 857 2105 domestica,
876 2056 979 2097 licet

149 2112 241 2162 vili,
267 2111 494 2154 sororibus
518 2111 822 2153 famulabatur.
860 2111 978 2152 Assi-

149 2167 317 2210 duitate
342 2167 497 2209 orandi
519 2169 711 2218 integras
729 2167 976 2208 insumebat

151 2223 262 2274 dies,
289 2224 334 2264 in
360 2224 545 2266 extasim
571 2224 815 2276 saepissime
841 2228 978 2275 rapta,

150 2284 194 2321 et
212 2280 250 2320 si
268 2279 499 2331 reliquum,
523 2280 568 2320 in
590 2278 798 2321 sedandis
819 2279 980 2320 civium

150 2335 357 2385 dissidiis,
377 2335 624 2377 criminesis
644 2348 670 2376 a
688 2335 759 2376 via
777 2335 979 2386 iniquita-

148 2391 204 2432 tis
222 2391 508 2441 retrahendis,
527 2404 579 2432 ac
597 2390 886 2432 inserviendis
904 2390 979 2430 im-

87 2445 91 2455 “’
148 2446 371 2498 pendebat
401 2447 599 2498 aegretis,
630 2459 819 2498 quorum
848 2458 979 2497 quan-

149 2502 297 2554 doque
316 2503 482 2544 saniem
501 2515 556 2544 ex
570 2502 791 2543 ulceribus
805 2503 979 2542 manan-

147 2562 248 2608 tem,
269 2557 449 2601 admoto
472 2571 560 2608 ore,
583 2556 792 2607 lambens,
818 2569 895 2598 eos
915 2569 978 2597 sa-

148 2614 273 2655 nitati
309 2614 580 2656 restituebat.
643 2612 815 2664 Corpus
853 2625 980 2653 suum

150 2671 314 2720 flagris,
350 2670 531 2712 nodosis
563 2668 783 2717 funiculis,
824 2668 977 2710 ferreis

1797 169 1860 202 341

1031 265 1232 317 cingulis,
1264 265 1438 315 vigiliis,
1476 266 1597 306 humi
1628 265 1759 306 nudae
1792 278 1860 306 cu-

1029 321 1195 371 bando,
1229 323 1372 362 terere
1401 322 1530 363 solita
1558 322 1648 364 fuit.
1694 322 1860 363 Parcis-

1031 378 1141 419 simo
1180 377 1297 427 cibo,
1339 382 1383 418 et
1419 377 1504 418 hoc
1540 378 1632 427 vili,
1673 379 1862 429 quatuor

1029 432 1324 475 hebd6madae
1372 432 1547 482 diebus,
1593 439 1636 475 et
1681 434 1861 485 reliquis

1031 489 1206 531 duobus
1226 489 1322 530 solo
1339 489 1611 539 Angelorum
1630 502 1742 541 pane
1763 502 1860 531 con-

1030 548 1166 595 tenta,
1208 547 1396 597 excepto
1431 544 1501 586 die
1539 545 1728 595 sabbati,
1773 559 1860 598 quo

1030 614 1144 654 pane
1163 601 1260 642 solo
1281 606 1325 642 et
1344 614 1458 652 aqua
1477 601 1762 642 nutriebatur.

1080 660 1131 711 R.
1165 657 1371 698 Dilexisti
1398 657 1623 707 justitiam,
1658 662 1701 697 et
1729 657 1860 698 odisti

1030 714 1322 765 iniquitatem:
1348 718 1370 741 *
1396 713 1638 764 Propterea
1667 714 1790 755 unxit
1817 719 1861 754 te

1031 770 1171 819 Deus,
1220 770 1342 810 Deus
1391 773 1493 809 tuus
1544 768 1642 809 eleo
1687 769 1860 810 laetitiae.

1028 822 1079 874 V.
1108 827 1298 878 Propter
1322 825 1567 873 veritatem,
1602 829 1644 865 et
1663 838 1861 866 mansue-

1031 881 1239 932 tudinem,
1259 886 1302 923 et
1321 881 1540 933 justitiam.
1567 880 1820 932 Propterea.

1329 938 1480 979 Lectio
1502 939 1553 979 vi.

1029 989 1197 1094 Dura
1218 992 1470 1044 hujusmodi
1492 992 1669 1033 vivendi
1693 992 1862 1034 ratione

1133 1050 1178 1090 in
1209 1048 1426 1090 stomachi
1457 1048 1662 1090 morbum
1693 1048 1862 1097 incidit,

1032 1119 1120 1159 quo
1140 1106 1488 1157 ingravescente,
1517 1117 1616 1145 cum
1635 1107 1862 1156 septuage-

1031 1162 1188 1203 simum
1224 1160 1367 1202 aetatis
1401 1173 1561 1200 annum
1599 1162 1766 1211 ageret,
1806 1160 1862 1201 ad

1032 1219 1276 1259 extremum
1312 1216 1414 1257 vitae
1457 1216 1647 1267 spatium
1683 1215 1863 1256 redacta

1032 1279 1109 1315 est.
1151 1273 1382 1314 Diuturnae
1410 1271 1675 1313 valetudinis
1703 1272 1862 1312 incom-

1029 1329 1164 1371 moda
1208 1328 1337 1369 hilari
1386 1327 1511 1368 vultu
1559 1330 1863 1378 constantique

1031 1386 1177 1426 animo
1220 1384 1418 1437 pertulit:
1465 1383 1520 1425 de
1562 1397 1650 1424 uno
1693 1389 1862 1424 tantum

1031 1441 1243 1493 conqueri
1263 1440 1412 1482 audita
1432 1445 1514 1490 est,
1543 1440 1662 1492 quod
1686 1453 1785 1481 cum
1808 1440 1862 1480 ci-

1030 1497 1135 1539 bum
1160 1499 1321 1549 capere
1344 1510 1396 1538 ac
1419 1497 1610 1538 retinere
1634 1496 1754 1537 nullo
1774 1508 1862 1536 mo-

1032 1553 1100 1595 do*
1115 1558 1286 1606 posset,
1314 1553 1369 1594 ab
1390 1552 1693 1594 Eucharistica
1712 1565 1864 1593 mensa

1032 1610 1091 1651 ob
1125 1609 1388 1651 sacramenti
1425 1609 1717 1651 reverentiam
1748 1621 1863 1649 arce-

1032 1667 1163 1708 retur.
1191 1666 1360 1707 Verum
1381 1665 1448 1706 his
1469 1667 1513 1706 in
1533 1666 1745 1715 angustiis
1764 1677 1863 1705 con-

1033 1722 1202 1772 stituta,
1228 1721 1508 1763 sacerdotem
1528 1722 1717 1772 rogavit,
1737 1726 1785 1762 ut
1807 1721 1864 1761 al-

1032 1777 1171 1819 latum
1199 1777 1394 1819 divinum
1421 1790 1598 1830 panem,
1628 1790 1759 1829 quem
1788 1790 1863 1817 ore

1033 1836 1206 1874 samere
1236 1833 1464 1885 nequibat,
1504 1833 1675 1885 pectori
1708 1833 1862 1874 saltem

1034 1890 1225 1931 exterius
1258 1888 1527 1931 admoveret.
1573 1889 1784 1930 Precibus
1816 1888 1862 1928 il-

1033 1945 1116 1986 lius
1135 1958 1305 1986 morem
1325 1945 1462 1996 gessit
1482 1944 1705 1986 sacerdos:
1727 1950 1770 1986 et
1788 1945 1862 1984 mi-

1031 2000 1145 2041 rum!
1183 2000 1343 2042 eodem
1374 2000 1589 2052 temporis
1622 2002 1864 2047 momento,
1898 2023 1900 2026 ν

1033 2056 1205 2097 divinus
1224 2057 1351 2108 panis
1370 2056 1603 2108 disparuit,
1629 2062 1673 2098 et
1692 2057 1717 2096 J
1719 2056 1863 2097 uliana

1033 2114 1190 2153 sereno
1215 2125 1267 2153 ac
1288 2113 1448 2154 ridenti
1466 2112 1591 2153 vultu
1614 2112 1864 2164 exspiravit.

1032 2168 1122 2209 Res
1149 2181 1284 2220 supra
1309 2168 1444 2210 fidem
1469 2167 1638 2209 tamdiu
1662 2168 1759 2217 fuit,
1788 2168 1862 2209 do-

1032 2236 1113 2265 nec
1137 2224 1380 2274 virgineum
1407 2224 1462 2265 de
1489 2237 1612 2266 more
1639 2226 1864 2265 curaretur

1033 2291 1210 2331 corpus:
1237 2279 1415 2321 inventa
1439 2280 1555 2321 enim
1580 2285 1647 2321 est
1672 2280 1789 2321 circa
1811 2279 1863 2319 si-

1031 2337 1217 2376 nistrum
1237 2336 1432 2387 pectoris
1455 2335 1570 2377 latus
1592 2336 1710 2377 carni
1730 2335 1863 2376 veluti

1032 2390 1175 2440 sigillo
1191 2391 1405 2443 impressa
1420 2391 1561 2433 forma
1576 2391 1745 2440 hostiae,
1764 2403 1862 2442 quac

1034 2446 1196 2488 Christi
1237 2448 1434 2489 crucifixi
1474 2448 1663 2498 effigiem
1705 2459 1862 2498 reprae-

1033 2502 1247 2544 sentabat.
1281 2504 1421 2555 Hujus
1445 2503 1635 2556 prodigii
1658 2503 1773 2543 fama
1796 2514 1861 2543 ce—

1031 2561 1318 2610 terorumque
1336 2559 1646 2600 miraculorum
1660 2571 1747 2599 non
1763 2558 1860 2598 Flo-

1033 2614 1186 2655 rentiae
1196 2619 1376 2664 tantum,
1392 2614 1472 2656 sed
1488 2617 1623 2655 totius
1639 2613 1861 2654 christiani

1033 2669 1153 2711 orbis
1173 2671 1499 2712 venerationem
1519 2670 1582 2711 illi
1602 2669 1862 2717 conciliavit,
