2040 2976
493 186 596 220 Infra
620 187 917 221 Hebdomadam
941 188 991 221 vi.
1016 194 1107 230 post
1132 188 1212 222 Oct.
1238 190 1497 225 Pentecoste&

136 285 285 327 fortes,
316 286 534 328 Fecerunt
559 298 664 336 ergo
684 285 810 338 pueri
828 284 967 326 Absa-

136 341 227 383 lom
246 341 481 384 adversum
500 342 693 392 Amnon,
720 342 835 383 sicut
857 354 967 394 prae—

137 399 316 450 ceperat
349 398 411 440 eis
444 398 669 440 Absalom.
711 398 967 449 Surgentes-

137 466 221 506 que
251 466 405 496 omnes
432 454 512 495 filii
534 455 650 506 regis
677 453 968 496 ascenderunt

135 511 294 560 singuli
314 511 455 552 mulas
475 524 588 559 suas
609 516 652 552 et
670 511 885 561 fugerunt.

191 569 242 619 R.
263 567 496 609 Exaudisti
513 567 715 608 Demine.
735 567 828 607 180.

439 628 591 669 Lectio
612 628 668 667 iii.

139 678 374 785 Cumque
400 684 546 726 adhuc
570 686 807 737 pergerent
831 684 876 724 in
900 684 965 725 iti-

230 753 349 790 nere,
374 741 490 781 fama
512 741 714 793 pervenit
733 739 790 781 ad
808 740 965 789 David,

133 795 298 838 dicens:
322 797 547 838 Percussit
571 796 786 838 Absalom
812 809 965 838 omnes

131 852 246 894 filios
266 853 398 904 regis,
425 858 469 894 et
487 866 576 894 non
595 853 806 894 remansit
826 866 880 894 ex
902 855 964 895 eis

132 908 287 950 saltem
311 922 435 950 unus.
475 909 673 950 Surrexit
701 912 850 960 itaque
876 923 964 961 rex,

132 969 176 1006 et
195 964 325 1006 scidit
343 965 605 1007 vestimenta
625 978 717 1006 sua:
742 971 785 1007 et
805 966 965 1008 cecidit

131 1034 264 1073 super
283 1027 457 1071 terram,
477 1027 522 1063 et
537 1035 690 1064 omnes
707 1023 823 1063 servi
837 1022 963 1073 illius,

131 1078 205 1129 qui
225 1077 493 1119 assistebant
512 1079 567 1128 ei,
593 1078 815 1120 sciderunt
834 1080 962 1121 vesti-

129 1135 277 1175 menta
295 1147 385 1175 sua.
413 1134 708 1187 Respondens
728 1141 875 1176 autem
891 1136 915 1176 J
919 1138 962 1177 ό-

129 1189 275 1231 nadab
295 1190 411 1231 filius
427 1191 627 1232 semmaa
647 1191 792 1232 fratris
806 1192 962 1242 David,

131 1245 254 1287 dixit:
288 1247 356 1288 Ne
386 1247 575 1288 aestimet
604 1247 809 1288 dominus
838 1261 961 1290 meus

128 1314 222 1352 rex,
257 1303 378 1355 quod
405 1315 558 1344 omnes
587 1303 714 1356 pueri
741 1304 819 1344 filii
847 1305 961 1356 regis

129 1358 264 1399 occisi
283 1359 386 1400 sint:
411 1358 588 1401 Amnon
612 1359 734 1401 solus
760 1362 961 1402 mortuus

129 1419 212 1463 est,
239 1414 447 1466 quoniam
470 1415 515 1456 in
536 1429 612 1457 ore
632 1415 847 1458 Absalom
868 1422 962 1459 erat

126 1470 300 1522 positus
320 1484 375 1512 ex
399 1471 470 1513 die
492 1485 579 1524 qua
603 1472 827 1525 oppressit
846 1473 959 1514 Tha-

126 1539 221 1567 mar
249 1529 449 1569 sorerem
475 1529 578 1580 ejus.
620 1528 749 1570 Nunc
774 1541 878 1580 ergo
905 1543 960 1571 ne

126 1588 264 1634 ponat
306 1583 510 1625 dominus
550 1597 675 1626 meus
711 1598 790 1626 rex
827 1599 960 1638 super

127 1650 204 1679 cor
236 1652 364 1680 suum
396 1640 582 1682 verbum
615 1641 751 1692 istud,
791 1641 960 1684 dicens:

127 1694 292 1737 Omnes
314 1695 392 1736 filii
413 1697 530 1748 regis
554 1698 689 1739 occisi
709 1703 823 1739 sunt:
854 1701 959 1750 quo-

125 1750 243 1792 niam
275 1751 452 1794 Amnon
491 1753 612 1795 solus
648 1755 849 1795 mortuus
881 1760 958 1796 est.

125 1805 256 1858 Fugit
275 1814 422 1850 autem
443 1809 668 1851 Absalom.

179 1863 231 1915 Ri.
254 1864 374 1907 Audi
391 1865 591 1907 Demine.
610 1867 704 1907 180.

313 1969 498 2006 Feria
535 1970 773 2007 Tertia.

233 2020 300 2062 De
319 2020 433 2063 libro
454 2021 650 2064 secundo
671 2023 853 2074 Regum.

256 2079 410 2120 Lectio
431 2079 456 2119 i.
650 2080 754 2132 Cap.
769 2081 828 2120 14.

165 2141 286 2179 ,filum
299 2138 496 2188 ingressa
510 2138 665 2180 fuisset
678 2138 836 2180 mulier
850 2138 956 2180 The-

129 2192 205 2236 *xsls
231 2195 357 2235 cuitis
377 2193 434 2235 ad
453 2206 612 2246 regem,
629 2195 788 2236 cecidit
806 2207 956 2237 coram

125 2260 177 2289 eo
209 2261 342 2302 super
369 2255 550 2300 terram,
588 2255 632 2292 et
661 2251 879 2301 adoravit,
913 2257 956 2293 et

125 2303 249 2346 dixit:
268 2305 403 2347 Serva
421 2319 491 2348 me
508 2320 597 2348 rex.
624 2307 683 2348 Et
702 2308 762 2348 ait
782 2307 838 2348 ad
858 2320 955 2349 eam

123 2372 215 2401 rex:
244 2361 361 2411 Quid
390 2374 535 2404 causae
563 2361 723 2404 habes?
754 2364 862 2413 Quae
891 2376 954 2405 re-

123 2417 317 2468 spondit:
360 2419 476 2469 Heu,
516 2420 672 2460 mulier
705 2420 839 2460 vidua
871 2432 953 2470 ego

124 2484 234 2513 sum:
266 2476 467 2516 mertuus
494 2480 562 2516 est
588 2476 703 2516 enim
729 2475 795 2516 vir
819 2488 954 2517 meus.

122 2528 180 2570 Et
203 2530 372 2571 ancillae
396 2536 484 2572 tuae
510 2536 633 2572 erant
651 2530 739 2572 duo
759 2531 851 2572 fssii:
880 2532 955 2583 qui

122 2585 252 2627 rixati
283 2592 384 2628 sunt
416 2586 651 2628 adversum
681 2599 728 2628 se
760 2587 804 2627 in
836 2599 954 2638 agro,

121 2641 355 2694 nullusque
385 2647 480 2684 erat
513 2642 587 2694 qui
613 2654 690 2683 eos
716 2642 953 2695 prohibere

121 2702 289 2748 posset:
314 2703 358 2740 et
382 2698 602 2750 percussit
625 2697 736 2739 alter
755 2698 953 2749 alterum,

280 2839 344 2863 Par·
358 2839 470 2863 AEstiva.

1780 193 1851 229 201

1021 289 1065 326 et
1083 285 1301 326 interfecit
1321 298 1431 326 eum.
1464 287 1521 328 Et
1546 300 1648 328 ecce
1674 291 1851 329 consur-

1020 353 1128 391 gens
1155 342 1359 382 universa
1385 343 1590 393 cognatio
1618 343 1853 385 adversum

1021 397 1223 438 ancillam
1248 403 1384 447 tuam,
1411 399 1532 440 dicit:
1560 400 1707 441 Trade
1735 413 1851 450 eum,

1022 453 1095 505 qui
1114 454 1334 505 percussit
1353 454 1531 496 fratrem
1552 468 1693 506 suum,
1712 462 1761 497 ut
1781 469 1850 498 oc-

1021 509 1220 550 cidamus
1240 523 1339 551 eum
1358 523 1439 562 pro
1457 512 1601 552 anima
1616 512 1759 553 fratris
1775 513 1851 563 sui,

1022 578 1153 617 quem
1177 567 1411 615 interfecit,
1445 573 1489 608 et
1514 567 1739 609 deleamus
1764 569 1849 610 hae-

1019 621 1187 662 redem:
1234 628 1278 664 et
1325 628 1527 675 quaerunt
1573 627 1851 675 exstinguere

1020 678 1252 719 scintillam
1280 692 1438 728 meam,
1467 692 1565 730 quae
1593 680 1745 721 relicta
1774 686 1851 730 est,

1020 739 1068 775 ut
1097 747 1185 776 non
1214 737 1405 788 supersit
1430 736 1524 776 viro
1554 748 1654 777 meo
1681 749 1850 786 nomen,

1019 796 1063 832 et
1082 790 1280 843 reliquiae
1301 805 1434 844 super
1453 797 1626 833 terram.

1076 850 1125 900 R.
1149 848 1350 889 Demine.
1370 850 1463 889 180.

1332 907 1484 947 Lectio
1506 906 1544 946 ii.

1103 966 1122 1001 t
1141 961 1202 1002 ait
1218 974 1310 1002 rex:
1330 962 1414 1011 Qui
1430 961 1745 1003 contradixerit
1761 963 1850 1012 tibi,

1114 1016 1259 1059 adduc
1280 1030 1379 1059 eum
1399 1018 1455 1059 ad
1474 1031 1555 1066 me,
1576 1023 1619 1059 et
1634 1018 1747 1059 ultra
1763 1032 1850 1060 non

1017 1072 1152 1114 addet
1177 1079 1224 1115 ut
1248 1079 1400 1125 tangat
1424 1080 1479 1116 te.
1527 1075 1635 1124 Quae
1661 1075 1744 1125 ait:·
1767 1075 1850 1116 Re-

1017 1129 1227 1171 cordetur
1257 1143 1335 1171 rex
1364 1131 1544 1172 Demini
1570 1131 1652 1171 Dei
1681 1131 1765 1181 sui,
1803 1136 1851 1172 ut

1016 1198 1105 1226 non
1142 1186 1487 1239 multiplicentur
1523 1187 1714 1238 preximi
1754 1189 1849 1227 san-

1015 1242 1157 1292 guinis
1186 1242 1242 1283 ad
1272 1242 1587 1292 ulciscendum,
1617 1248 1660 1284 et
1688 1246 1848 1294 nequa-

1016 1296 1147 1349 quam
1162 1298 1425 1340 interficiant
1439 1299 1576 1339 filium
1592 1312 1748 1340 meum.
1764 1299 1848 1348 Qui

1015 1354 1091 1395 ait:
1111 1354 1233 1395 Vivit
1248 1355 1474 1403 Deminus‚
1496 1355 1597 1406 quia
1616 1367 1704 1396 non
1720 1354 1849 1396 cadet

1015 1410 1070 1451 de
1103 1411 1272 1463 capillis
1305 1411 1384 1451 filii
1415 1412 1479 1452 tui
1511 1424 1643 1463 super
1674 1417 1847 1452 terram.

1014 1467 1138 1507 Dixit
1171 1480 1276 1518 ergo
1309 1467 1479 1508 mulier:
1515 1468 1744 1519 Loquatur
1776 1480 1846 1508 an-

1015 1522 1114 1563 cilla
1132 1527 1208 1564 tua
1224 1523 1280 1564 ad
1297 1523 1522 1564 dominum
1536 1536 1683 1564 meum
1699 1536 1847 1574 regem

1014 1579 1209 1620 verbum.
1253 1580 1310 1621 Et
1343 1580 1417 1620 ait:
1450 1580 1667 1631 L6quere.
1708 1580 1846 1621 Dixit-

1015 1648 1100 1687 que
1118 1635 1290 1676 mulier:
1315 1637 1460 1686 Quare
1479 1636 1685 1686 cogitasti
1704 1635 1846 1684 hujus-

1014 1691 1188 1733 cemodi
1216 1704 1309 1732 rem
1334 1697 1487 1732 contra
1512 1692 1727 1744 populum
1753 1692 1846 1741 Dei,

1016 1753 1060 1789 et
1091 1748 1266 1789 locutus
1299 1752 1365 1788 est
1395 1760 1473 1789 rex
1502 1747 1686 1789 verbum
1718 1747 1846 1796 istud,

1015 1810 1063 1846 ut
1080 1809 1253 1857 peccet,
1281 1809 1324 1845 et
1347 1816 1436 1845 non
1459 1803 1643 1845 reducat
1662 1804 1846 1853 ejectum

1013 1859 1163 1901 suum?
1197 1861 1360 1901 Omnes
1387 1860 1615 1909 metimur,
1649 1864 1693 1900 et
1722 1859 1846 1910 quasi

1012 1928 1141 1967 aquae
1175 1915 1410 1957 dilabimur
1442 1915 1486 1956 in
1522 1920 1702 1964 terram,
1746 1927 1844 1966 quae

1011 1984 1099 2012 non
1137 1975 1430 2013 revertuntur:
1475 1984 1556 2012 nec
1593 1970 1687 2012 vult
1723 1970 1844 2011 Deus

1010 2030 1155 2080 perire
1176 2029 1380 2077 animam,
1400 2026 1480 2068 sed
1499 2029 1710 2069 retractat
1730 2027 1843 2077 cegi-

1010 2089 1127 2134 tans,
1160 2097 1216 2125 ne
1244 2084 1421 2137 penitus
1449 2086 1602 2136 pereat
1631 2082 1706 2135 qui
1731 2082 1843 2134 abje-

1011 2146 1107 2181 ctus
1128 2145 1205 2182 est.

1065 2197 1116 2247 R.
1139 2197 1324 2238 Factum
1345 2201 1423 2238 est.
1442 2197 1522 2237 181.

1315 2250 1467 2290 Lectio
1488 2250 1543 2290 iii.

1127 2308 1187 2349 ait
1204 2320 1298 2349 rex:
1316 2307 1542 2360 Numquid
1560 2320 1714 2348 manus
1730 2308 1755 2349 J
1757 2307 1839 2349 oab

1107 2369 1255 2405 tecum
1292 2369 1359 2405 est
1399 2364 1443 2404 in
1481 2363 1683 2405 omnibus
1720 2363 1840 2405 istis?

1008 2420 1261 2472 Respendit
1285 2420 1458 2469 mulier,
1487 2424 1532 2460 et
1556 2420 1632 2460 ait:
1664 2420 1749 2460 Per
1776 2432 1840 2459 sa-

1007 2476 1145 2517 lutem
1164 2476 1321 2517 animae
1340 2481 1444 2526 tuae,
1470 2475 1646 2516 domine
1668 2475 1728 2515 mi
1751 2487 1839 2522 rex,

1006 2545 1089 2573 nec
1108 2531 1165 2573 ad
1184 2532 1415 2581 sinistram,
1436 2544 1517 2573 nec
1537 2531 1593 2572 ad
1613 2530 1838 2572 dexteram

1008 2594 1074 2629 est
1106 2601 1161 2629 ex
1190 2588 1394 2629 emnibus
1420 2587 1503 2636 his,
1538 2599 1638 2639 quae
1662 2586 1836 2627 locutus

1008 2649 1075 2685 est
1090 2644 1292 2685 dominus
1307 2656 1431 2684 meus
1447 2656 1538 2684 rex:
1554 2655 1706 2683 servus
1723 2640 1836 2681 enim

1005 2705 1107 2742 tuus
1127 2700 1152 2741 J
1155 2700 1258 2749 oab,
1285 2699 1382 2752 ipse
1405 2698 1620 2751 praecepit
1643 2696 1764 2745 mihi,
1793 2700 1837 2736 et

1587 2827 1629 2860 14
