2040 2976
468 203 540 237 Die
565 203 599 238 8.
624 203 730 237 Julii.
777 202 812 236 S.
836 200 1039 236 Elisabeth
1062 200 1154 243 Reg.
1180 200 1390 243 Portugall.
1414 200 1564 235 Viduae.

158 300 246 339 tius
279 297 503 339 christiani
543 297 662 338 orbis
696 301 913 338 concursu
946 302 989 339 et

160 354 392 406 applausu,
426 354 481 396 ab
509 354 688 395 Urbano
719 356 878 396 octavo
907 354 989 395 rite

159 410 270 452 inter
289 411 475 451 Sanctos
495 410 719 462 adscripta
738 416 815 452 681.

211 465 264 516 Ra.
302 467 504 517 Regnum
536 466 705 516 mundi,
738 472 782 508 et
815 479 990 508 omnem

160 526 363 565 ornatum
381 523 531 564 saeculi
546 523 793 576 contempsi
806 528 990 576 propter

160 582 354 621 3111016111
377 580 555 620 Domini
579 580 665 620 mei
683 580 707 620 J
711 592 789 620 esu
814 579 990 621 Christi:

159 634 182 658 *
203 636 343 686 Quem
358 635 458 686 vidi,
479 648 606 688 quem
622 636 776 686 amavi,
795 636 839 676 in
861 648 990 688 quem

160 692 342 742 credidi,
369 706 499 745 quem
519 691 664 734 dilexi.
691 684 741 736 V.
761 693 991 734 Eructavit

160 761 237 790 cor
273 761 420 790 meum
451 749 635 790 verbum
670 748 849 790 bonum:
889 748 989 790 dico

161 817 243 856 ego
270 807 405 858 011613
428 818 527 847 11163
545 805 669 856 Regi.
703 806 853 855 Quem.
889 803 990 846 Glo-

161 863 225 902 ria
244 863 373 904 Patri.
402 863 553 912 Quem.

374 939 423 978 In
451 939 523 979 111.
550 938 774 979 Nocturno.

210 999 310 1040 Ant.
340 1000 579 1051 Confessio,
598 1002 622 1026 *
642 1006 686 1042 et
707 999 989 1054 pulchritudo

159 1056 203 1096 in
223 1058 464 1108 conspectu
484 1058 590 1109 ejus,
610 1058 820 1100 sanctitas
842 1062 884 1098 et
903 1070 990 1098 ma—

160 1113 410 1164 gnificentia
428 1114 472 1154 in
494 1114 838 1155 sanctificatione
857 1115 958 1166 ejus.

211 1169 310 1209 Ant.
350 1169 727 1212 Annuntiaverunt
755 1173 778 1198 *
807 1171 907 1212 coeli
933 1171 989 1222 ju-

161 1226 324 1267 stitiam
340 1227 442 1278 ejus,
464 1231 508 1267 et
525 1226 729 1268 viderunt
745 1240 897 1269 01111168
914 1229 990 1279 po-

159 1281 253 1333 puli
272 1282 457 1332 gloriam
477 1283 579 1334 ejus.

210 1336 309 1379 Ant.
355 1338 572 1380 Judicavit
605 1339 628 1364 *
659 1340 703 1380 in
735 1339 913 1390 justitia,
947 1344 991 1380 et

161 1394 353 1498 poffulos
372 1395 415 1435 in
435 1395 654 1446 aequitate.

257 1482 265 1491 .
298 1451 417 1502 Ignis
449 1456 549 1493 31116
581 1451 723 1504 ipsam
754 1451 991 1504 praecedet.

159 1507 211 1560 R.
239 1507 296 1548 Et
322 1507 612 1549 inflammabit
635 1508 680 1549 in
707 1509 892 1550 circuitu
914 1508 990 1549 ini-

160 1566 298 1605 micos
319 1565 421 1616 eius.

160 1632 314 1675 Lectio
338 1635 478 1676 sancti
500 1634 726 1686 Evangelii
749 1635 989 1677 secundum

443 1691 714 1733 Matthaeum.

263 1751 416 1793 Lectio
437 1751 506 1792 vii.
669 1750 772 1803 Cap.
787 1750 844 1790 13.
861 1751 885 1790 f.

159 1804 237 1911 In
255 1810 331 1852 illo
347 1813 563 1865 tempore:
581 1813 705 1854 Dixit
720 1813 744 1854 J
747 1825 848 1854 esus
864 1812 989 1855 disci-

225 1867 341 1919 pulis
370 1868 459 1910 suis
489 1869 747 1922 parabolam
770 1869 898 1911 hanc:
928 1870 989 1912 Si-

159 1922 262 1964 mile
309 1930 376 1966 681
419 1938 603 1977 regnum
644 1925 858 1967 coelorum
898 1925 989 1968 the-

160 1982 292 2075 ῗ31110
321 1980 583 2024 abscondito
611 1982 656 2023 in
685 1995 804 2033 agro.
844 1983 902 2024 Et
926 1985 990 2023 re—

176 2048 289 2087 1qua.

204 2106 397 2162 Homilia
417 2108 557 2149 sancti
577 2108 782 2160 Gregorii
801 2109 947 2160 Papae.

349 2164 491 2200 Homil.
517 2164 567 2198 11.
592 2164 631 2198 in
654 2163 801 2206 Evang.

165 2225 190 2268 ξ’
499 2232 699 2271 regnum,
731 2220 889 2260 fratres
923 2233 990 2261 ca-

166 2304 177 2330 1,
198 2266 273 2332 A}
296 2276 471 2325 rissimi,
507 2276 672 2318 idcirco
709 2276 893 2317 terrenis
925 2288 990 2317 re-

168 2329 258 2351 ᾖ*
296 2331 378 2374 bus
405 2332 545 2373 simile
570 2332 744 2382 dicitur,
773 2337 822 2373 ut
846 2344 900 2373 ex
923 2331 990 2372 his

164 2402 262 2442 quae
291 2389 458 2430 animus
486 2388 627 2438 novit,
661 2393 811 2438 surgat
843 2387 900 2429 ad
930 2387 990 2428 in-

163 2445 338 2497 cognita
365 2457 463 2496 quae
488 2457 575 2485 non
602 2444 738 2485 novit:
772 2446 990 2495 quatenus

163 2501 365 2554 exemplo
385 2500 620 2542 visibilium
646 2513 693 2541 86
719 2499 776 2541 3(1
800 2499 990 2541 invisibi-

161 2557 219 2598 lia
237 2557 392 2610 rapiat,
413 2562 456 2598 et
474 2569 553 2609 per
574 2569 639 2605 ea,
665 2568 762 2607 (11136
782 2569 864 2596 11811
884 2555 990 2597 didi-

81 2616 87 2619 *
164 2613 238 2662 cit,
275 2613 399 2664 quasi
436 2612 701 2653 confricatus
737 2612 991 2653 incalescat:

163 2674 211 2710 ut
232 2682 313 2721 per
338 2669 440 2718 hoc,
470 2668 591 2721 quod
615 2667 697 2709 scit
721 2672 874 2708 notum
899 2668 990 2709 dili-

164 2738 281 2776 gere,
319 2725 459 2766 discat
496 2730 539 2766 et
575 2724 797 2775 incognita
832 2726 990 2765 3111316.

320 2863 384 2888 Pars
401 2864 508 2888 AEstiva.

1040 298 1156 339 Ecce
1186 299 1300 340 enim
1329 298 1542 340 coelorum
1571 312 1753 350 regnum
1779 300 1870 342 the-

1041 358 1172 396 sauro
1202 354 1463 396 abscondito
1492 356 1535 395 in
1563 369 1667 407 agro
1696 369 1870 409 compa-

1041 413 1177 452 ratur:
1198 424 1328 463 quem
1346 412 1418 463 qui
1433 412 1598 453 invenit
1613 412 1756 462 homo,
1774 412 1870 454 abs-

1043 466 1210 515 condit,
1239 472 1282 508 et
1306 480 1400 519 11136
1424 467 1586 519 gaudio
1606 468 1721 510 illius
1741 469 1872 518 vadit,

1043 528 1087 565 et
1114 523 1265 565 vendit
1293 525 1496 565 universa
1525 538 1623 577 quae
1651 525 1800 576 habet,
1829 530 1872 568 et

1043 581 1148 622 emit
1168 594 1320 632 agrum
1338 580 1471 621 illum.

1097 638 1148 690 Rz.
1161 637 1222 678 Os
1243 650 1369 678 suum
1387 638 1558 689 aperuit
1573 638 1812 690 sapientiae,
1829 643 1872 680 et

1042 694 1114 735 lex
1138 694 1382 736 clementiae
1405 694 1449 734 in
1473 694 1619 745 lingua
1640 696 1744 746 ejus:
1772 708 1871 736 con-

1044 750 1253 792 sideravit
1272 750 1448 791 semitas
1470 750 1626 792 domus
1646 764 1752 801 suae,
1771 750 1795 775 *
1817 751 1873 792 Et

1042 807 1307 859 loquebatur
1328 805 1382 848 de
1402 807 1664 848 testimeniis
1686 808 1873 849 Demini.

1046 857 1097 909 V.
1121 864 1327 905 Gustavit
1352 869 1395 905 et
1414 863 1523 906 vidit
1550 864 1650 916 quia
1669 864 1787 906 bona
1807 870 1874 906 est

1044 920 1285 972 negotiatio
1315 921 1421 971 ejus:
1458 933 1546 962 non
1576 921 1874 972 exstinguetur

1043 978 1086 1018 in
1105 983 1237 1019 nocte
1255 977 1433 1018 lucerna
1453 978 1554 1029 ejus.
1581 977 1649 1019 Et.

1330 1031 1484 1073 Lectio
1505 1030 1589 1071 viii.

1048 1065 1186 1190 Qua
1206 1091 1249 1131 in
1268 1103 1315 1132 re
1335 1091 1420 1133 hoc
1440 1103 1617 1143 quoque
1633 1091 1875 1133 notandum

1149 1153 1234 1197 681,
1264 1147 1383 1199 (111οᾶ
1411 1148 1613 1189 inventus
1641 1147 1874 1189 thesaurus

1045 1204 1344 1254 absconditur,
1364 1209 1412 1245 ut
1433 1206 1646 1245 servetur:
1667 1204 1767 1255 quia
1787 1208 1873 1246 stu-

1045 1260 1165 1301 dium
1185 1260 1378 1302 coelestis
1400 1259 1605 1302 desiderii
1628 1273 1653 1301 a
1673 1261 1873 1312 malignis

1044 1317 1270 1370 spiritibus
1307 1317 1531 1359 custodire
1570 1330 1658 1359 non
1695 1318 1873 1367 sufficit,

1046 1373 1120 1426 qui
1145 1373 1231 1414 hoc
1256 1373 1310 1415 ab
1336 1373 1537 1415 humanis
1559 1373 1763 1415 laudibus
1786 1387 1874 1416 non

1044 1429 1287 1472 abscondit.
1310 1431 1361 1470 In
1377 1431 1586 1483 praesenti
1601 1431 1761 1472 etenim
1774 1431 1874 1480 vita,

1045 1487 1170 1538 quasi
1188 1487 1232 1527 in
1247 1487 1318 1527 via
1333 1499 1494 1537 sumus,
1515 1500 1601 1538 qua
1616 1486 1672 1529 ad
1686 1487 1874 1539 patriam

1043 1543 1277 1595 pergimus.
1315 1543 1497 1594 Maligni
1523 1548 1669 1585 autem
1695 1544 1874 1595 spiritus

1043 1600 1127 1641 iter
1146 1604 1343 1641 nostrum
1370 1600 1495 1651 quasi
1516 1599 1695 1651 quidam
1713 1599 1873 1642 latrun-

1045 1655 1131 1697 culi
1150 1656 1365 1698 6bsident.
1392 1656 1654 1709 Depraedari
1674 1669 1779 1707 ergo
1801 1657 1873 1698 de-

1044 1711 1227 1763 siderat,
1279 1713 1353 1765 qui
1398 1713 1653 1754 thesaurum
1698 1713 1874 1766 publice

1043 1774 1194 1821 portat
1229 1770 1274 1810 in
1307 1770 1388 1811 via.
1442 1770 1542 1811 Hoc
1579 1774 1725 1811 autem
1763 1769 1874 1820 dico,

1043 1839 1132 1867 non
1150 1831 1199 1867 ut
1221 1827 1412 1879 proximi
1433 1829 1570 1879 opera
1588 1831 1739 1868 nostra
1757 1826 1875 1868 bona

1043 1895 1132 1923 non
1150 1882 1340 1933 videant,
1360 1895 1459 1924 cum
1478 1882 1689 1935 scriptum
1710 1883 1781 1924 sit:
1800 1883 1874 1925 Vi-

1045 1937 1177 1980 deant
1202 1941 1338 1992 o'pera
1353 1944 1501 1980 vestra
1519 1939 1652 1989 bona,
1679 1944 1723 1980 et
1745 1939 1873 1990 glori-

1043 1995 1176 2036 ficent
1195 1996 1371 2037 Patrem
1391 2001 1603 2045 vestrum,
1631 1996 1706 2048 qui
1723 1996 1767 2036 in
1788 2009 1872 2038 coe-

1043 2052 1096 2092 lis
1123 2057 1204 2093 est:
1232 2051 1311 2093 sed
1335 2057 1384 2093 ut
1408 2065 1488 2104 per
1515 2052 1618 2102 hoc,
1647 2051 1768 2104 quod
1786 2053 1872 2104 agi-

1042 2121 1156 2158 mus,
1189 2107 1344 2149 laudes
1373 2108 1563 2150 exterius
1590 2121 1678 2150 non
1707 2111 1873 2161 quaera-

1043 2177 1151 2204 mus.
1176 2164 1247 2205 Sic
1262 2168 1410 2205 autem
1425 2164 1481 2205 sit
1497 2177 1608 2216 opus
1622 2165 1667 2205 in
1682 2164 1874 2217 publico,

1045 2222 1260 2271 quatenus
1297 2220 1480 2262 intentio
1517 2223 1694 2262 maneat
1727 2222 1771 2262 in
1803 2235 1872 2264 06-

1044 2275 1179 2317 61111οε
1207 2281 1255 2317 111
1279 2281 1324 2318 61
1348 2276 1403 2318 de
1426 2276 1545 2318 bono
1571 2279 1705 2330 011616
1729 2278 1874 2330 proxi-

1042 2332 1125 2373 mis
1143 2332 1422 2384 praebeamus
1442 2333 1707 2385 exemplum,
1742 2338 1786 2375 et
1810 2338 1872 2375 ta-

1043 2400 1142 2429 men
1162 2401 1241 2440 per
1259 2388 1556 2439 intentionem,
1576 2402 1663 2442 qua
1676 2390 1774 2432 Deo
1791 2390 1874 2432 soli

1042 2444 1218 2496 placere
1255 2445 1505 2496 quaerimus,
1544 2458 1718 2498 semper
1750 2448 1872 2498 opte—

1043 2514 1139 2542 mus
1161 2503 1389 2542 secretum.

1096 2555 1148 2606 Rz.
1172 2558 1398 2607 Invocavi,
1425 2562 1469 2599 et
1487 2558 1606 2599 venit
1628 2558 1671 2598 in
1693 2570 1763 2599 me
1788 2560 1872 2611 spi-

1043 2612 1151 2654 ritus
1173 2613 1416 2665 sapientiae,
1442 2618 1485 2654 et
1508 2614 1736 2666 praepesui
1753 2613 1873 2655 illam

1043 2669 1188 2720 regnis
1211 2674 1254 2710 et
1278 2669 1470 2711 sedibus:
1489 2667 1512 2691 *
1532 2670 1590 2711 Et
1614 2669 1787 2711 divitias
1812 2670 1872 2710 ni-

1042 2724 1103 2765 hil
1138 2738 1236 2767 esse
1265 2724 1369 2767 duxi
1396 2725 1441 2766 in
1469 2726 1798 2779 comparatione
1825 2726 1871 2767 il-

1599 2855 1664 2887 27*
