2040 2976
178 219 222 254 52
743 214 848 246 Ferit!
877 213 986 246 tertia
1014 212 1060 245 ad
1089 211 1324 245 Matutinum.

211 327 356 368 Feria
382 323 535 366 tertia
562 322 627 363 ad.
653 320 970 362 matutinum.

239 399 357 438 Iuvit.
394 393 633 434 Jubilemus
671 392 782 440 Deo,
828 399 847 418 *
884 389 1002 430 Salu-

181 453 262 494 tari
290 455 453 492 nostro.

238 511 298 548 l's.
334 507 498 555 Venite,
527 504 804 546 exsultemus.
833 503 870 542 2.

489 586 693 636 Hymnus.

308 657 464 685 onsors
492 643 663 696 paterni
691 640 874 689 himinis,

334 701 430 741 Lux
458 700 552 752 ipse
579 699 698 747 lucis,
727 702 771 739 et
799 696 903 744 dies,

282 756 471 797 Noctem
490 753 686 796 canendo
706 752 960 804 rumpimus:

286 813 453 853 Assiste
482 809 814 864 postulantibus.

220 877 350 918 Aufer
378 875 580 918 tenebras
605 874 823 922 mentium,

259 933 379 984 Fuga
407 933 603 973 catervas
633 930 890 977 daemonum,

260 988 441 1041 Expelle
468 986 811 1035 somnolentiam,

259 1045 327 1086 Ne
355 1044 613 1096 pigritantes
642 1042 808 1083 obruat.

207 1110 279 1150 Sic
307 1109 475 1150 Christe
502 1107 628 1149 nobis
657 1106 858 1148 omnibus

262 1165 493 1215 Indulgeas
523 1163 810 1212 credentibus,

260 1222 317 1263 Ut
344 1221 485 1273 prosit
513 1218 803 1268 exorantibus,

261 1276 388 1327 Quod
415 1276 702 1329 praecinentes
730 1275 964 1327 psallimus.

217 1343 384 1389 Praesta,
412 1341 541 1381 Pater
568 1340 772 1392 piissime,

256 1398 461 1448 Patrique
490 1409 670 1448 compar
697 1396 844 1445 Unice,

259 1454 366 1494 Cum
394 1452 557 1504 Spiritu
583 1451 801 1493 Paraclito

260 1510 464 1559 Regnans
492 1521 571 1560 per
600 1520 728 1548 omne
756 1507 974 1549 saeculum.

505 1564 656 1604 Amen.

229 1607 334 1669 Ant.
367 1630 421 1669 l't
448 1641 535 1668 non
564 1627 823 1680 delinquam.

455 1710 646 1749 l'salmus
676 1710 738 1747 38.

417 1768 670 1810 Custodiam
698 1769 790 1810 vias
818 1783 952 1811 meas:
983 1771 1006 1795 *

223 1825 285 1881 ‘'affl‘'
341 1831 387 1866 ut
413 1838 499 1866 non
520 1825 768 1877 delinquam
793 1826 836 1866 in
863 1826 1007 1876 lingua

223 1875 307 1907 --έ
341 1894 447 1922 mea.

238 1937 369 1978 Posui
391 1935 455 1977 ori
475 1950 573 1978 meo
603 1937 855 1988 custodiam,
870 1939 893 1963 *
910 1951 1007 1979 cum

188 1995 444 2034 consisteret
459 1995 666 2045 peccator
682 1993 912 2035 adversum
928 2008 1008 2036 me.

239 2048 456 2098 Obmutui,
485 2054 528 2090 et
555 2049 802 2092 humiliatus
831 2064 937 2100 sum,
966 2056 1009 2092 et

187 2103 283 2145 silui
311 2117 336 2145 a
363 2104 503 2146 bonis:
525 2106 547 2129 *
570 2111 612 2146 et
641 2105 767 2147 dolor
795 2119 916 2148 meus
946 2120 1007 2148 re-

188 2162 372 2201 novatus
401 2166 477 2202 est.

240 2215 466 2257 Concaluit
500 2229 575 2258 cor
608 2231 751 2259 meum
784 2218 896 2260 intra
924 2232 1010 2260 me:

187 2273 274 2336 fet·
285 2272 327 2312 in
343 2271 625 2314 meditatione
641 2287 737 2315 mea
755 2274 1010 2317 exardescet

189 2340 310 2378 ignis.

239 2383 433 2425 Locutus
447 2397 541 2426 sum
555 2385 596 2425 in
606 2385 749 2436 lingua
762 2400 857 2427 mea
867 2403 874 2426 ι
884 2387 907 2411 *
922 2387 1010 2428 No-

187 2444 279 2480 tum
300 2439 367 2480 fac
389 2440 491 2482 mihi
509 2441 692 2482 Demine
710 2442 839 2483 finem
857 2456 1011 2484 meum.

240 2496 295 2536 Et
341 2498 566 2537 numerum
608 2496 774 2538 dierum
815 2501 1011 2539 meorum

190 2552 286 2603 quis
302 2557 382 2592 est:
398 2552 420 2576 *
437 2558 484 2593 ut
500 2553 632 2593 sciam
650 2553 753 2605 quid
769 2553 882 2595 desit
898 2554 1012 2595 mihi.

240 2608 354 2648 Ecce
379 2608 691 2649 mensurabiles
712 2611 895 2661 posuisti
919 2610 1012 2651 dies

190 2676 327 2704 meos:
360 2665 382 2688 *
419 2669 462 2704 et
498 2663 738 2706 substantia
774 2678 870 2706 mea
906 2672 1012 2707 tam-

194 2732 321 2771 quam
350 2719 528 2760 nihilum
557 2726 656 2761 ante
683 2726 737 2762 te.

1111 307 1421 347 Verumtamen
1436 303 1641 344 universa
1661 301 1843 352 vanitas,
1862 302 1886 327 *

1056 361 1195 403 omnis
1223 360 1356 401 homo
1385 359 1546 400 vivens.

1107 417 1422 458 Verumtamen
1471 415 1515 455 in
1560 414 1750 465 imagine
1790 427 1887 467 per·

1054 473 1210 515 transit
1228 472 1377 513 homo:
1397 472 1420 497 *
1442 471 1521 512 sed
1543 475 1587 512 et
1605 471 1767 512 frustra
1786 483 1887 512 con-

1055 529 1267 571 turbatur.

1107 585 1409 626 Thesaurizat:
1426 584 1449 608 *
1468 588 1511 624 et
1521 583 1696 633 ignorat
1706 582 1775 624 cui
1787 595 1887 624 con-

1022 651 1025 654 *
1056 640 1255 692 gregabit
1283 653 1344 681 ea.

1108 698 1164 738 Et
1207 698 1321 737 nunc
1366 709 1463 748 quae
1506 700 1572 737 est
1614 695 1888 748 exspectatio

1056 752 1175 793 mea?
1204 752 1362 794 Nonne
1385 751 1624 792 Dominus?
1653 752 1677 777 *
1705 752 1762 793 Et
1789 751 1888 792 sub-

1057 809 1215 850 stantia
1242 821 1341 850 mea
1369 807 1488 861 apud
1515 813 1560 850 te
1588 814 1666 850 est.

1108 865 1179 906 Ab
1210 864 1411 906 omnibus
1443 864 1746 917 iniquitatibus
1779 863 1890 905 meis

1058 923 1160 962 erue
1188 934 1272 962 me:
1300 922 1323 946 *
1354 920 1644 973 oppr6brium
1670 920 1891 973 insipienti

1058 977 1218 1019 dedisti
1245 990 1326 1018 me.

1111 1033 1331 1083 Obmutui,
1349 1038 1392 1075 et
1401 1046 1490 1075 non
1506 1033 1658 1086 aperui
1669 1045 1720 1075 os
1734 1045 1892 1082 meum,
1927 1059 1930 1062 Δ

1059 1090 1265 1142 quoniam
1291 1095 1340 1132 tu
1367 1090 1523 1131 fecisti:
1540 1091 1564 1115 *
1582 1091 1740 1131 amove
1768 1102 1794 1130 a
1820 1101 1892 1130 me

1056 1146 1209 1199 plagas
1237 1152 1345 1188 tuas.

1110 1203 1151 1243 A
1170 1202 1426 1244 fortitudine
1445 1215 1599 1244 manus
1614 1207 1704 1244 tuae
1721 1215 1804 1254 ego
1820 1201 1892 1244 de-

1058 1259 1141 1300 feci
1167 1259 1211 1299 in
1240 1259 1628 1312 increpati6nibus:
1656 1259 1679 1285 *
1706 1263 1892 1312 propter

1059 1315 1332 1367 iniquitatem
1362 1315 1614 1368 corripuisti
1641 1315 1874 1357 hominem.

1111 1372 1167 1413 Et
1188 1371 1417 1413 tabescere
1441 1372 1583 1414 fecisti
1605 1372 1719 1414 sicut
1742 1373 1892 1413 arane-

1059 1441 1129 1468 am
1164 1428 1353 1468 animam
1388 1429 1495 1480 ejus:
1531 1429 1555 1454 *
1589 1431 1893 1470 verumtamen

1059 1497 1169 1525 vane
1198 1483 1486 1526 conturbatur
1514 1484 1655 1526 omnis
1682 1484 1829 1526 homo.

1109 1539 1282 1581 Exaudi
1328 1540 1574 1582 orationem
1614 1553 1758 1582 meam
1803 1539 1892 1581 Do-

1058 1596 1189 1646 mine,
1225 1602 1268 1638 et
1296 1596 1655 1650 deprecatiunem
1681 1609 1840 1638 meam:
1867 1596 1892 1622 *

1059 1652 1236 1694 auribus
1264 1653 1445 1706 percipe
1472 1653 1676 1695 lacrimas
1702 1665 1835 1695 meas.

1110 1709 1179 1750 Ne
1208 1709 1352 1750 sileas:
1382 1710 1589 1762 quoniam
1610 1709 1782 1752 advena
1809 1722 1893 1761 ego

1060 1778 1155 1806 sum
1178 1765 1296 1818 apud
1315 1771 1370 1816 te,
1391 1771 1434 1808 et
1448 1768 1719 1819 peregrinus,
1738 1766 1763 1792 *
1782 1765 1895 1807 sicut

1061 1834 1212 1862 omnes
1242 1827 1391 1874 patres
1419 1822 1516 1864 mei.

1112 1878 1304 1920 Remitte
1332 1878 1448 1928 mihi,
1476 1883 1525 1920 ut
1553 1879 1788 1930 refrigerer
1808 1877 1894 1931 pri-

1060 1936 1245 1986 usquam
1256 1934 1422 1985 abeam,
1430 1935 1454 1960 *
1462 1940 1506 1977 et
1513 1935 1701 1988 amplius
1708 1948 1797 1977 non
1806 1947 1894 1976 ero.

1330 2007 1528 2048 Psalmus
1558 2007 1623 2047 39.

1062 2065 1896 2170 ExspectansexspectaviDominum,

1165 2139 1187 2162 *
1217 2143 1260 2179 et
1288 2138 1473 2180 intendit
1500 2138 1615 2179 mihi.

1113 2199 1170 2240 Et
1197 2198 1419 2241 exaudivit
1449 2211 1605 2252 preces
1634 2211 1770 2240 meas:
1797 2199 1822 2224 *
1851 2202 1895 2240 et

1062 2253 1212 2296 eduxit
1239 2268 1310 2296 me
1340 2254 1395 2296 de
1422 2255 1519 2297 lacu
1542 2255 1741 2305 miseriae,
1771 2260 1814 2296 et
1838 2254 1894 2296 de

1062 2314 1153 2356 luto
1183 2315 1313 2356 faeeis.

1115 2372 1170 2412 Et
1204 2372 1356 2413 statuit
1391 2385 1523 2424 super
1555 2377 1729 2424 petram
1755 2370 1894 2424 pedes

1063 2444 1200 2472 meos:
1228 2433 1251 2456 *
1281 2438 1325 2473 et
1353 2432 1512 2474 direxit
1537 2446 1714 2484 gressus
1740 2445 1875 2490 meos.

1115 2488 1170 2529 Et
1204 2488 1382 2530 immisit
1419 2489 1462 2529 in
1499 2502 1549 2530 os
1580 2502 1727 2530 meum
1761 2488 1894 2530 canti·

1065 2560 1162 2588 cum
1183 2561 1355 2599 novum,
1370 2550 1393 2573 ¹⁸¹
1413 2562 1590 2590 carmen
1609 2549 1707 2591 Deo
1729 2554 1894 2590 nostro.

1117 2603 1340 2646 Videbunt
1367 2605 1508 2654 multi,
1543 2611 1587 2647 et
1613 2605 1843 2647 timebunt:
1870 2604 1894 2630 *

1066 2667 1109 2703 et
1137 2664 1376 2715 sperabunt
1403 2666 1446 2706 in
1475 2666 1678 2707 Dumino.

1117 2723 1279 2765 Beatus
1299 2725 1374 2775 vir,
1401 2726 1521 2777 cujus
1541 2730 1608 2767 est
1626 2738 1787 2767 nomen
1805 2725 1893 2766 Do-
