2040 2976
518 194 588 227 I)ic
618 194 665 227 115.
691 193 808 227 Junii.
856 193 890 226 S.
915 193 1080 226 Joannis
1109 194 1304 227 Francisci
1330 194 1447 235 chis
1474 194 1582 228 Conf.

183 287 247 328 las
274 286 523 328 christianae
548 284 652 327 fidei
675 284 896 338 mysteriis
920 297 1014 326 eru-

184 343 294 392 dire,
329 346 572 395 eorumque
599 343 769 384 animos
796 340 854 384 ad
881 341 1013 383 virtu-

181 406 271 442 tem
310 405 353 441 et
389 405 557 441 rectam
590 398 767 441 vivendi
799 399 1013 441 ratiunem

181 457 434 507 informare,
468 456 689 508 egentium
720 456 883 509 inupiae
915 455 1012 498 sub-

182 515 330 556 venire
364 514 609 564 consuevit,
647 513 847 555 detracto
881 513 1012 555 etiam

182 570 266 612 sibi
291 571 418 623 panis
444 571 648 620 frustulo,
677 583 766 622 quo
792 571 919 612 unice
943 583 1012 612 ve-

182 627 398 670 scebatur.
437 628 662 670 Castitatis
688 640 795 669 vero
825 633 868 670 et
891 628 1013 669 inno-

182 685 338 726 centiae
365 684 541 726 laudem
566 690 734 726 tantam
759 685 1013 737 promeruit,

180 747 229 782 ut
247 741 305 783 ad
323 746 512 783 mortem
531 754 671 794 usque
694 741 907 783 illibatam
926 754 1011 782 ser-

180 798 360 840 vaverit.

235 857 286 908 R.
319 855 526 897 Dilexisti
552 855 777 907 justitiam,
806 860 850 897 et
879 855 1013 897 odisti

180 911 475 963 iniquitatem:
520 915 542 938 *
593 913 834 965 Propterea
887 913 1013 954 unxit

180 973 224 1010 te
251 969 388 1018 Deus,
416 970 537 1011 Deus
566 974 678 1019 tuus,
706 969 805 1011 eleo
835 969 1012 1011 laetitiae.

185 1021 232 1072 V.
258 1026 447 1079 Propter
466 1026 712 1076 veritatem,
742 1031 785 1068 et
811 1039 1010 1068 mansue-

179 1082 386 1133 tudinem,
407 1087 450 1124 et
468 1083 685 1135 justitiam.-
712 1083 967 1136 Propterea.

484 1139 635 1179 Lectio
659 1140 709 1178 vi.

277 1210 358 1238 anc
379 1196 556 1238 famulae
574 1209 666 1238 suae
682 1196 902 1238 occultam
917 1209 1011 1238 san-

294 1254 492 1295 ctitatem
515 1254 657 1303 DeuS,
687 1253 817 1295 editis
845 1266 868 1294 e
897 1253 1011 1295 coelo

179 1311 325 1363 signis,
344 1310 602 1352 mirabiliter
619 1310 871 1352 declaravit.
898 1310 1012 1352 Nam

180 1373 224 1410 et
242 1368 423 1409 fluvium
438 1368 564 1420 aquis
580 1367 888 1417 exundantem,
908 1367 1013 1409 dum

179 1425 442 1466 Pibracense
463 1424 676 1477 templum
693 1426 880 1477 peteret,
906 1424 1012 1466 Ger-

179 1484 308 1523 mana
333 1482 423 1523 fixo
449 1481 591 1532 gradu
615 1481 780 1534 saepius
800 1482 1012 1531 transivit,

181 1543 224 1580 et
248 1551 409 1592 panem
433 1538 703 1592 pauperibus
729 1538 1012 1589 erogandum,

180 1601 228 1637 ut
247 1598 484 1638 novercam
502 1596 675 1645 lateret,
700 1595 886 1637 hiberno
906 1597 1011 1637 tem-

179 1665 290 1705 pore
318 1653 361 1693 in
391 1653 525 1694 flores
555 1652 783 1694 convertit.
829 1652 1011 1694 Virtuti-

180 1708 262 1751 bus
287 1715 330 1751 et
347 1709 563 1762 prodigiis
586 1709 821 1758 illustrata,
848 1709 906 1750 ad
926 1722 1012 1751 coe-

179 1765 301 1807 lestis
326 1766 441 1817 Agni
464 1766 644 1819 nuptias
669 1765 850 1807 tandem
873 1765 1012 1819 inopi-

178 1824 283 1864 nato
306 1823 425 1864 exitu
440 1823 682 1874 emigravit,
701 1836 863 1864 annum
878 1835 1012 1874 agens

180 1878 422 1920 secundum
440 1892 574 1932 supra
592 1880 862 1930 vigesimum.
896 1879 1012 1921 Mor-

179 1936 291 1977 tales
318 1936 512 1987 Virginis
541 1936 730 1987 exuviae,
761 1949 874 1978 anno
910 1949 1012 1989 qua-

181 1991 430 2043 dragesimo
475 1999 518 2035 et
557 1993 675 2038 ultra
711 1998 951 2046 postquam
989 2007 1013 2036 e

180 2049 270 2090 vita
292 2048 561 2099 decesserat,
588 2050 860 2103 incorruptae
886 2055 929 2092 et
951 2053 1012 2091 in-

180 2110 334 2157 tegrae,
380 2107 720 2159 recentibusque
759 2109 1013 2160 conspersae

181 2162 365 2203 fleribus
393 2165 580 2216 repertae
610 2169 721 2206 sunt.
768 2165 885 2206 Huic
914 2177 1012 2217 pro-

181 2217 301 2269 digio
325 2218 410 2260 alia
432 2220 584 2269 multa,
610 2234 690 2273 per
714 2233 853 2262 annos
877 2221 1013 2263 ferme

182 2274 413 2324 ducentos,
439 2275 586 2317 divina
605 2277 769 2319 virtute
793 2276 850 2319 ad
872 2280 1013 2319 tumu-

180 2331 272 2373 lum
299 2332 457 2383 jugiter
484 2335 677 2384 patrata,
704 2333 917 2376 miracula
945 2347 1012 2376 ac-

182 2390 426 2438 cesserunt,
456 2400 556 2440 quae
580 2389 825 2432 innocentis
852 2391 1013 2443 puellae

181 2444 343 2486 famam
384 2450 428 2487 et
467 2457 628 2486 nomen
668 2446 797 2497 longe
838 2447 1013 2500 lateque

180 2503 493 2554 propagarunt.
563 2501 731 2551 Quibus
784 2505 1013 2555 permutus

180 2557 284 2598 Pius
309 2570 451 2599 nonus
470 2557 675 2599 Pontifex
693 2558 911 2600 Maximus
930 2560 1011 2601 vir-

181 2613 348 2656 tutibus
375 2619 419 2656 et
445 2613 667 2655 miraculis
692 2614 775 2655 rite
801 2615 1013 2667 probatis,

182 2670 385 2712 eamdem
421 2670 651 2712 beatarum
687 2671 917 2722 Virginum
954 2673 1012 2713 fa-

183 2727 260 2768 stis
292 2728 482 2779 primum
514 2726 763 2779 adscripsit.
819 2727 1013 2770 Subinde

1067 296 1172 325 vero
1224 285 1350 326 novis
1400 286 1640 338 fulgentem
1684 287 1898 340 prodigiis

1066 340 1185 382 idem
1234 340 1438 384 Pontifex
1493 356 1607 386 anno
1665 344 1897 386 millesimo

1068 397 1435 448 octingentesimo
1465 401 1739 452 sexagesimo
1769 401 1897 453 septi-

1066 466 1151 503 mo,
1172 466 1224 495 ea
1242 454 1339 507 ipsa
1355 455 1425 497 die
1442 469 1528 509 qua
1544 457 1773 499 saecularia
1787 457 1900 510 Apo·

1067 510 1284 552 stolerum
1297 512 1550 566 Principum
1569 514 1781 556 solemnia
1800 526 1898 564 age-

1066 565 1243 616 bantur,
1270 572 1525 612 sanctorum
1543 571 1645 613 albo
1663 570 1898 612 accensuit.

1122 635 1172 686 R„
1196 630 1450 672 Afferentur
1468 632 1591 684 Regi.
1610 631 1688 684 [91]

1122 699 1161 732 In
1188 699 1251 733 ΙΙΙ,
1272 699 1472 733 Nocturno
1497 700 1669 734 Homilia
1695 700 1733 733 in
1753 699 1899 742 Evang.

1069 745 1200 781 Simile
1219 748 1279 780 est
1293 755 1464 790 regnum.
1483 748 1529 782 dc
1545 748 1689 782 Comm.
1704 758 1779 782 non
1796 748 1899 791 Virg.

1067 793 1170 837 [108]
1189 807 1274 830 cum
1292 796 1371 840 Rng.
1391 797 1437 831 de
1455 796 1599 831 Comm.
1619 797 1722 840 Virg.
1741 793 1813 838 [93]

1325 885 1410 928 Die
1430 887 1489 927 16.
1509 886 1534 926 J
1536 885 1637 927 unii.

1112 955 1161 1008 S·
1179 955 1210 997 J
1212 955 1391 996 oannis
1413 955 1668 996 Francisci
1690 954 1845 1005 Regis

1345 1010 1632 1050 Confessoris.

1404 1075 1568 1119 Duplex.

1123 1131 1259 1165 Omnia
1291 1132 1337 1166 de
1370 1132 1514 1166 Comm.
1545 1132 1654 1167 Conf.
1684 1142 1762 1166 non
1790 1131 1900 1165 Pont.

1066 1178 1135 1225 [67]
1165 1185 1307 1222 praetcr
1333 1190 1438 1224 sequ.
1459 1180 1519 1220 (m.
1543 1182 1568 1213 t.
1591 1180 1641 1222 v.)

1405 1237 1570 1277 Oratio.

1158 1309 1253 1346 eUS‚
1286 1297 1361 1348 qui
1390 1296 1447 1338 ad
1479 1296 1694 1349 plurimos
1720 1310 1804 1350 pro
1833 1310 1898 1338 sa-

1176 1352 1267 1394 lute
1283 1353 1526 1394 animarum
1541 1353 1827 1406 perferendos
1839 1353 1896 1395 la-

1067 1409 1199 1451 bores
1244 1409 1424 1452 beatum
1464 1410 1489 1451 J
1492 1412 1680 1452 oannem
1723 1410 1898 1452 Franci-

1066 1480 1190 1508 scum
1219 1466 1530 1509 Confesserem
1559 1471 1683 1508 tuum
1709 1467 1899 1509 mirabili

1066 1524 1250 1565 caritate
1277 1528 1320 1565 et
1343 1523 1506 1565 invicta
1530 1523 1743 1576 patientia
1769 1522 1898 1566 deco-

1065 1581 1188 1622 rasti:
1228 1580 1423 1622 concede
1454 1580 1688 1633 propitius3
1725 1586 1774 1622 ut
1807 1582 1898 1633 eius

1066 1637 1280 1690 exemplis
1304 1637 1524 1687 instructi,
1550 1642 1595 1679 et
1621 1637 1898 1679 intercessio-

1064 1694 1193 1736 nibus
1214 1693 1368 1747 adjuti‚
1395 1696 1574 1736 aeternae
1594 1695 1697 1736 vitae
1716 1695 1898 1748 praemia

1066 1753 1399 1803 consequamur.
1426 1751 1511 1792 Per
1529 1751 1778 1792 Deminum.

1124 1812 1168 1846 In
1198 1812 1223 1846 Ι.
1253 1812 1454 1847 Nocturno
1489 1813 1694 1847 Lectiones
1725 1812 1773 1847 de
1803 1812 1901 1847 Scri-

1068 1864 1181 1903 ptura
1207 1866 1441 1895 occurrente.

1302 1929 1351 1967 In
1371 1928 1422 1966 ΙΙ.
1443 1928 1667 1967 Nocturno.

1383 1989 1537 2031 Lectio
1558 1990 1611 2030 iv.

1084 2073 1105 2101 1..-
1139 2065 1166 2102 ’μὶ
1179 2052 1346 2092 oannes
1365 2051 1627 2092 Franciscus
1646 2051 1796 2103 Regis,
1822 2053 1897 2094 no-

1071 2067 1174 2183 ξὲὲ,
1195 2106 1273 2149 bili
1309 2109 1470 2158 genere
1506 2112 1651 2158 natus,
1693 2108 1737 2149 in
1774 2110 1898 2162 oppi-

1131 2167 1174 2183 ””’
1196 2163 1300 2206 dulo
1320 2164 1623 2206 Narbonensis
1648 2164 1804 2206 Galliae
1829 2165 1898 2206 cui

1066 2234 1227 2263 nomen
1236 2221 1608 2274 Fonscoopertus‚
1621 2221 1792 2263 eximiae
1803 2234 1898 2262 san·

1066 2278 1231 2320 etitatis
1250 2290 1275 2319 a
1294 2278 1457 2320 teneris
1478 2277 1601 2319 annis
1614 2277 1775 2320 indicia
1788 2280 1898 2331 prae-

1065 2334 1170 2377 buit.
1206 2335 1258 2376 In
1284 2347 1337 2377 eo
1361 2335 1446 2387 jam
1470 2339 1565 2376 tum
1589 2334 1765 2377 eluxere
1788 2335 1899 2376 mira

1066 2404 1238 2433 morum
1275 2391 1541 2441 innocentia,
1582 2391 1771 2442 flagrans
1804 2404 1898 2433 ora-

1065 2448 1197 2490 tionis
1219 2447 1425 2498 studium,
1443 2447 1599 2500 pudor,
1619 2453 1663 2490 et
1680 2447 1899 2489 modestia

1066 2504 1310 2556 singularis.
1337 2504 1603 2546 Societatem
1617 2505 1642 2546 J
1644 2517 1721 2546 esu
1735 2504 1897 2556 ingres-

1066 2574 1140 2602 sus
1177 2561 1356 2603 Tolosae
1393 2573 1507 2602 anno
1546 2561 1690 2602 aetatis
1726 2560 1897 2602 decimo

1065 2629 1199 2667 nono,
1219 2617 1483 2667 humilitate,
1507 2617 1772 2667 obedientia,
1792 2616 1897 2658 cari-

1065 2675 1169 2723 tate,
1190 2673 1294 2715 odio
1315 2674 1391 2723 sui,
1412 2675 1660 2726 ceterisque
1679 2673 1783 2714 vitae
1801 2672 1896 2714 reli-

1065 2729 1202 2779 giesae
1230 2729 1465 2772 virtutibus
1493 2729 1708 2771 excelluit.
1754 2727 1896 2770 Abso-
