2040 2976
444 206 515 239 Die
540 205 569 237 Γ).
594 204 699 238 Julii.
746 205 803 237 Ss.
829 202 971 246 Cyrini
991 206 1027 235 ct
1052 201 1237 235 Methodii
1265 202 1373 235 T'ont.
1400 209 1432 236 ct
1461 203 1569 235 Conf.

154 305 395 348 Salvateris
413 304 553 346 nostri
572 305 792 357 promissa
806 314 985 343 conver-

153 365 298 405 tamus
335 360 544 403 auditum.
604 359 848 402 Videamus
887 370 986 415 quae

152 424 287 461 tantae
312 419 454 470 gratia
478 417 670 470 pietatis:
696 429 786 458 non
808 416 985 457 aeternae

152 474 459 517 tantummodo
478 474 581 516 vitae
603 472 787 527 praemia
810 472 901 513 suis
921 483 985 512 se-

155 532 377 585 quacibus,
398 531 476 573 sed
497 536 540 573 et
554 529 787 584 praesentis
803 531 986 569 munera

152 588 387 642 pollicetur
419 587 588 630 eximia.
619 586 698 637 ,Et
732 585 892 634 omnis,
924 584 984 624 in-

155 645 258 697 quit,
279 645 353 697 qui
367 643 592 697 reliquerit
608 643 798 691 domum,
816 640 887 682 vel
900 640 982 681 fra-

152 706 259 751 tres,
286 706 362 743 aut
381 703 575 751 soreres,
602 705 677 742 aut
695 704 884 752 patrem,
910 702 984 738 aut

153 763 348 808 matrem,
369 762 444 800 aut
461 759 655 806 uxerem,
675 760 750 798 aut
764 755 890 804 filios,
910 758 985 795 aut

153 828 294 866 agros,
318 819 504 868 propter
522 826 683 855 nomen
706 825 864 861 meum,
889 812 984 852 cen-

152 872 325 925 tuplum
344 872 543 924 accipiet,
563 876 606 913 et
620 870 756 912 vitam
775 870 986 910 aeternam

152 927 411 981 possidebit.
458 928 542 978 Qui
571 928 685 969 enim
711 925 898 969 terrenis
927 924 985 964 af-

152 984 340 1027 fectibus
381 985 474 1026 sive
507 983 866 1037 possessienibus
901 994 985 1034 pro

154 1041 316 1083 Christi
358 1041 622 1094 discipulatu
661 1038 986 1086 renuntiaverit,

154 1110 242 1150 quo
275 1098 376 1151 plus
409 1098 453 1139 in
488 1099 579 1150 ejus
613 1100 810 1139 amorem
842 1095 986 1148 profe-

153 1155 277 1205 cerit,
315 1167 368 1196 eo
401 1155 551 1208 plures
584 1154 793 1202 inveniet,
833 1152 907 1204 qui
939 1164 986 1192 se

152 1211 326 1252 interno
358 1214 581 1265 suscipere
611 1211 787 1259 affectu,
826 1214 870 1250 et
898 1208 988 1250 suis

153 1267 374 1318 gaudeant
394 1270 641 1309 sustentare
661 1266 929 1308 substantiis.

211 1326 276 1366 Te
295 1325 439 1366 Deum
458 1324 698 1366 laudamus.
724 1325 782 1365 13.

208 1387 326 1429 Vesp.
363 1386 409 1419 de
446 1395 552 1428 sequ.
586 1396 783 1419 commem.
815 1384 895 1418 Oct.
931 1383 986 1417 Ss.

156 1434 335 1478 Apostol.

438 1518 522 1560 Die
541 1519 579 1559 5.
599 1519 624 1559 J
626 1518 711 1559 ulii.

267 1592 336 1632 Ss.
362 1590 539 1642 cyrilli
564 1597 608 1633 et
633 1589 879 1631 Methodii

408 1649 531 1689 Pont.
552 1654 595 1689 et
616 1647 735 1688 Conf.

488 1718 653 1761 Duplex.

212 1779 349 1814 Omnia
384 1778 430 1812 de
462 1779 606 1812 Comm.
638 1778 745 1813 Cous.
776 1777 886 1810 Pont.
917 1777 988 1821 [49]

159 1834 300 1872 praeter
323 1838 428 1871 sequ.

378 1900 440 1940 In
459 1900 494 1940 Ι.
515 1898 767 1950 vesperis.

470 1965 681 2017 Hymnus.

227 2031 382 2074 edibus
402 2031 504 2074 coeli
522 2031 670 2073 nitidis
690 2033 894 2084 receptos

247 2088 393 2130 Dicite
421 2087 608 2130 athletas
636 2088 853 2139 geminos,
885 2087 988 2129 fide-

211 2201 397 2243 Slavicae
417 2145 581 2254 dulgng
601 2201 817 2251 celumen,
837 2201 989 2244 decus—

316 2313 460 2355 Dicite
474 2270 631 2365 cgllefitis

162 2384 255 2424 Hos
275 2395 398 2424 amor
417 2382 574 2424 fratres
593 2382 778 2424 sociavit
796 2395 921 2431 unus,

213 2439 397 2491 Unaque
417 2438 600 2480 abduxit
618 2441 760 2491 pietas
780 2439 940 2486 eremo,

212 2497 347 2537 Ferre
369 2508 455 2548 quo
475 2495 623 2536 multis
643 2494 835 2536 celerent
849 2494 993 2536 beatae

317 2553 507 2603 Pignora
526 2551 639 2592 vitae.

166 2620 294 2670 Luce,
313 2634 412 2674 quae
431 2619 608 2673 templis
626 2620 796 2672 superis
812 2618 993 2668 renidet,

215 2677 435 2728 Bulgaros
481 2676 721 2728 complent,
767 2675 993 2725 Meravos,

473 2732 715 2782 Bohemos3

1089 301 1195 342 Mox
1219 301 1334 343 feras
1352 305 1519 342 turmas
1538 300 1773 340 numeresa
1790 297 1870 339 Pe-

1195 362 1580 466 Agmintalicducunt.

1040 483 1246 526 Debitam
1266 483 1396 525 cincti
1413 481 1581 523 meritis
1602 483 1811 522 corenam

1089 540 1264 591 Pergite
1292 553 1318 582 o
1343 539 1462 581 flecti
1480 538 1672 580 lacrimis
1691 539 1870 590 precan-

1349 602 1458 646 tum3

1090 655 1243 696 Prisca
1261 666 1342 695 vos
1361 652 1502 694 Slavis
1527 664 1639 704 opus
1664 654 1731 692 est
1751 649 1872 691 date-

1352 723 1424 751 res

1194 769 1324 810 Dona
1342 766 1467 809 tueri.

1044 846 1242 895 Quaeque
1252 854 1334 883 vos
1348 841 1508 882 clamat
1518 851 1599 890 gen
1605 839 1732 878 eresa
1743 836 1873 878 tellus

1089 900 1245 941 Servet
1265 900 1442 940 aeternae
1462 895 1568 938 fidei
1587 895 1790 943 niterem3

1091 957 1200 1007 Quae
1227 954 1350 997 dedit
1375 954 1601 1008 princeps,
1629 950 1751 992 dabit
1776 951 1873 1003 ipsa

1351 1023 1526 1063 semper

1194 1069 1342 1110 Roma
1362 1068 1560 1109 salutem.

1045 1142 1195 1184 Gentis
1227 1141 1431 1182 humanae
1458 1141 1587 1182 Sator
1617 1144 1659 1196 et
1684 1137 1873 1180 Redem-

1351 1202 1465 1250 ptor,

1092 1255 1176 1305 Qui
1211 1254 1354 1296 bonus
1396 1253 1525 1295 nobis
1561 1253 1679 1294 bona
1716 1256 1874 1293 cuncta

1351 1310 1538 1363 praebes,
1923 1338 1925 1341 -

1093 1368 1188 1410 Sint
1215 1367 1296 1409 tibi
1323 1372 1487 1418 grateS,
1525 1366 1605 1409 tibi
1639 1365 1695 1407 sit
1722 1377 1802 1418 per
1830 1378 1874 1406 ο-
1925 1405 1926 1408 ,

1351 1436 1451 1465 mne

1197 1480 1349 1522 Gleria
1369 1479 1560 1521 saeelum.
1587 1479 1741 1520 Amen.

1096 1534 1147 1586 V-
1171 1541 1436 1584 Sacerdetes
1464 1540 1529 1582 tui
1554 1539 1790 1581 induantur
1815 1540 1873 1591 ju-

1042 1600 1217 1641 stitiam.
1253 1599 1305 1650 R.
1324 1598 1381 1640 Et
1401 1597 1541 1639 sancti
1560 1597 1626 1638 tui
1645 1595 1875 1638 exsultent.

1096 1658 1167 1698 Ad
1198 1658 1369 1708 Magnif.
1409 1660 1509 1699 Ant.
1552 1660 1587 1699 (s)
1615 1670 1749 1710 quam
1778 1669 1873 1709 spe-

1042 1717 1152 1759 ciosi
1191 1715 1330 1769 pedes
1372 1714 1766 1766 evangelizantium
1801 1727 1874 1766 pa-

1043 1786 1151 1823 cem,
1171 1772 1565 1823 evangelizantium
1581 1771 1711 1820 bona,
1732 1769 1875 1811 dicen-

1042 1830 1151 1871 tium
1170 1830 1289 1871 Sion:
1310 1827 1510 1923 reggabit
1529 1827 1651 1868 Deus
1669 1832 1781 1868 tuus.

1425 1883 1546 1923 ratio.

1128 1945 1379 1995 mnipotens
1426 1940 1693 1992 sempiterne
1738 1940 1875 1990 Deus,

1145 1999 1219 2050 qui
1243 1997 1463 2040 Slaveniae
1489 2002 1643 2048 gentes
1669 2009 1749 2049 per
1774 1996 1875 2038 bea-

1042 2061 1114 2097 tos
1137 2055 1427 2097 Confessores
1450 2059 1552 2095 tuos
1577 2058 1710 2105 atque
1727 2054 1875 2094 Ponti-

1043 2113 1150 2153 fices
1183 2110 1393 2163 Cyrillum
1431 2115 1474 2152 et
1505 2109 1781 2151 Methedium
1819 2109 1876 2151 ad

1044 2168 1313 2218 agnitionem
1335 2167 1399 2208 tui
1422 2166 1611 2208 neminis
1630 2169 1779 2208 venire
1803 2167 1874 2208 tri-

1043 2225 1192 2267 buisti:
1217 2228 1399 2277 praesta3
1425 2228 1474 2264 ut
1501 2235 1691 2275 quorum
1715 2223 1875 2265 festivi-

1042 2284 1135 2323 tate
1169 2280 1425 2332 gloriamur,
1463 2281 1617 2321 eerum
1649 2280 1874 2322 consertio

1045 2337 1313 2390 copulemur.
1341 2337 1426 2378 Per
1444 2335 1700 2378 Dominum.

1099 2397 1147 2431 Et
1170 2399 1210 2431 fit
1235 2407 1430 2432 commem.
1456 2397 1535 2432 Oct.
1560 2397 1617 2431 Ss.
1642 2398 1779 2440 Apost.

1099 2451 1198 2490 Ant.
1232 2451 1382 2491 Petrus
1408 2450 1670 2503 Apostolus
1698 2455 1742 2492 et
1766 2449 1874 2490 Pau-

1044 2506 1112 2547 lus
1137 2506 1308 2548 Doctor
1333 2507 1557 2557 Gentium,
1582 2507 1668 2560 ipsi
1691 2519 1773 2547 nos
1799 2505 1873 2546 do-

1046 2564 1228 2604 cuerunt
1246 2563 1390 2614 legem
1407 2568 1529 2605 tuam
1548 2563 1748 2604 Demine.

1098 2615 1148 2666 V.
1177 2619 1429 2661 Constitues
1456 2632 1534 2661 eos
1559 2619 1782 2672 principes
1807 2629 1874 2657 su-

1046 2688 1125 2728 per
1151 2687 1326 2717 omnem
1353 2680 1526 2717 terram.
1569 2677 1618 2727 Rg.
1655 2674 1874 2715 Memores

1047 2736 1174 2773 erunt
1190 2731 1379 2773 neminis
1398 2732 1464 2772 tui
1482 2731 1682 2772 Demine.
