2040 2976
175 209 242 243 396

176 312 242 348 tre
262 304 424 346 matris.
459 303 600 353 Quem
625 315 724 344 cum
748 315 803 344 ex
821 305 947 345 utero
967 303 1010 344 in

177 367 303 404 utero
338 362 587 414 aspexisset
618 361 832 410 JoanneS,
865 360 1010 402 termi-

178 432 260 460 nos
285 421 454 460 naturae
479 417 752 466 concutiens,
777 417 1010 459 exclamat:

176 475 323 518 Video
349 475 605 524 Dominum,
636 474 711 526 qui
738 477 907 515 naturae
935 474 1010 514 im-

176 533 325 586 posuit
352 532 582 581 terminOS,
612 536 655 572 et
682 543 770 572 non
799 532 1009 583 exspecto

176 596 352 642 tempus
372 588 597 630 nascendi:
616 600 776 629 novem
795 588 1010 628 mensium

176 652 353 699 tempus
379 645 485 686 mihi
510 658 598 686 non
624 650 691 686 est
717 644 788 686 hic
811 646 1010 686 necessa-

177 703 304 744 rium:
324 703 367 743 in
386 715 457 744 me
477 707 546 743 est
565 701 690 751 enim,
711 701 785 753 qui
806 706 872 742 est
887 702 1010 742 aeter-

177 773 273 801 nus:
294 758 494 809 egrediar
514 771 568 800 ex
587 757 674 799 hoc
692 757 931 799 tenebroso
950 762 1011 799 ta·

178 815 434 865 bernaculo,
491 827 638 856 rerum
690 813 1011 855 admirabilium

179 872 544 926 compendiosam
575 870 832 924 praedicabo
865 871 1010 921 cogni-

178 930 355 972 tionem.
401 929 506 970 Sum
534 928 719 979 signum:
753 926 1010 978 significabo

181 986 343 1028 Christi
362 985 612 1027 adventum.
645 985 750 1025 Sum
767 983 888 1025 tuba:
911 985 1011 1036 pro-

179 1043 318 1085 feram
335 1042 435 1083 Filii
454 1041 538 1083 Dei
561 1041 605 1081 in
632 1053 762 1083 carne
788 1039 1011 1093 dispensa-

179 1100 356 1141 tionem.
390 1098 519 1140 Tuba
543 1110 713 1147 canam,
740 1110 792 1139 eo
816 1097 915 1150 ipso
939 1109 1012 1149 pa-

181 1158 318 1198 ternae
346 1156 507 1206 linguae
535 1153 812 1204 benedicam,
847 1158 891 1195 et
919 1166 1015 1195 63111

179 1214 367 1262 traham,
386 1217 433 1254 ut
451 1211 671 1264 loquatur.
702 1210 830 1252 Tuba
850 1223 1014 1259 canam,

182 1275 226 1312 et
245 1273 419 1312 uterum
438 1270 683 1310 maternum
703 1267 950 1309 vivificabo.

236 1333 284 1383 R:-
328 1327 445 1369 Ecce
487 1326 569 1368 iste
610 1325 730 1367 venit
772 1324 933 1366 saliens
972 1324 1013 1365 in

181 1383 420 1433 montibuS,
447 1383 697 1425 transiliens
726 1382 877 1424 colles:
903 1386 925 1411 *
955 1381 1015 1422 Si-

182 1443 296 1484 milis
313 1447 380 1484 est
395 1441 581 1483 dilectus
596 1453 720 1482 meus
737 1442 911 1492 capreae
925 1438 1016 1480 hin-

182 1499 376 1551 nuloque
405 1500 648 1540 cervorum.
684 1494 734 1546 V.
766 1496 1017 1538 Exsultavit

183 1562 231 1598 ut
267 1556 392 1607 gigas
429 1555 487 1596 ad
524 1553 785 1596 currendam
822 1553 954 1602 viam,
992 1565 1017 1593 a

183 1625 355 1655 summo
377 1612 491 1654 coelo
512 1611 707 1662 egressio
724 1611 826 1662 ejus.
844 1609 1016 1651 Similis.

495 1669 647 1710 Lectio
668 1683 705 1709 ν.

184 1724 383 1831 Vides,
403 1739 428 1767 ο
445 1725 614 1775 dilecte,
637 1737 767 1777 quam
784 1724 839 1765 sit
853 1736 1017 1764 novum

290 1788 334 1825 et
349 1782 607 1825 admirabile
622 1781 888 1834 mysterium.
907 1780 1018 1821 Non·

186 1841 290 1883 dum
309 1840 517 1890 nascitur,
541 1844 584 1881 et
603 1838 788 1880 saltibus
809 1837 1017 1890 loquitur:

185 1897 381 1940 nondum
409 1899 610 1950 apparet,
645 1901 689 1937 et
715 1895 854 1936 minas
882 1894 1018 1935 inten—

185 1961 265 1998 tat:
307 1953 503 1996 nondum
544 1953 583 1995 ei
624 1952 892 2006 permittitur
933 1950 1013 1992 cla-

186 2014 322 2061 mare,
356 2016 399 2052 et
431 2023 511 2063 per
544 2010 659 2052 facta
693 2008 882 2050 auditur:
914 2020 1018 2049 non-

188 2068 293 2111 dum
313 2068 433 2109 ducit
452 2068 603 2117 vitam,
633 2071 676 2108 et
695 2066 838 2107 Deum
859 2063 1016 2118 praedi-

188 2130 273 2168 cat:
298 2124 492 2166 nondum
518 2124 676 2177 aspicit
699 2123 859 2172 lucem,
885 2127 928 2164 et
952 2134 1019 2163 so-

187 2182 275 2224 lem
311 2181 490 2223 indicat:
527 2180 722 2222 nondum
756 2179 940 2232 paritur,
978 2183 1021 2220 et

188 2241 401 2293 properat
454 2241 743 2290 praecurrere3
796 2248 884 2277 non
938 2235 1022 2277 fert

190 2295 305 2338 enim
329 2296 549 2348 praesente
576 2294 767 2335 Domino
794 2292 1022 2334 contineri:

190 2365 278 2394 non
321 2352 507 2393 sustinet
549 2353 719 2392 naturae
763 2351 1022 2402 exspectare

191 2409 416 2459 terminos3
451 2407 530 2449 sed
561 2406 789 2448 contendit
817 2409 1023 2458 rumpere

193 2468 417 2509 carcerem
437 2464 617 2513 ventris,
644 2468 687 2504 et
708 2462 855 2504 studet
874 2461 1023 2515 praesi-

192 2522 402 2574 gnificare
445 2521 694 2562 venientem
737 2518 1023 2560 Salvatorem.

193 2578 406 2629 Accessit,
426 2577 576 2630 inquit,
598 2576 671 2628 qui
690 2575 822 2617 solvit
836 2574 1024 2623 vincula;

194 2642 238 2679 et
259 2635 364 2689 quid
384 2648 467 2686 ego
492 2633 626 2676 sedeo
647 2633 834 2681 vinctus,
859 2636 903 2672 et
925 2633 1024 2672 reti-

193 2706 300 2735 neor
328 2698 376 2734 ut
402 2689 625 2733 maneam?
657 2689 791 2731 Venit
815 2687 1024 2737 Verbum,

195 2755 243 2793 ut
263 2749 407 2793 omnia
427 2750 679 2791 constituat:
704 2751 748 2788 et
772 2758 855 2796 ego
881 2743 1025 2786 adhuc

626 213 698 247 Die
722 212 751 246 2.
777 212 881 246 Julii.
928 212 971 246 In
996 212 1230 247 Visitationc
1256 211 1296 245 B.
1322 211 1369 245 M.
1393 211 1438 245 V.

1061 304 1220 344 maneo
1250 298 1476 342 detentus?
1513 299 1676 349 Exibo,
1703 301 1892 352 praecur-

1062 372 1170 408 ram,
1195 363 1239 400 et
1258 355 1515 410 praedicabo
1536 355 1752 398 omnibus:
1777 357 1892 398 Ecce

1062 416 1216 514 Ξῇὲιᾶῗ
1253 414 1353 463 Dei,
1401 413 1476 466 qui
1510 413 1625 455 tollit
1660 415 1893 465 peccatum

1115 544 1167 592 Rs..
1198 535 1574 588 Congratulamini
1598 534 1705 577 mihi
1730 548 1894 585 omnes,

1065 596 1138 648 qui
1168 595 1349 646 diligitis
1377 593 1634 642 Dominum,
1664 593 1767 644 quia
1795 605 1894 634 cum

1064 665 1208 694 essem
1226 651 1426 705 parvula,
1446 649 1592 702 placui
1611 648 1854 691 AltissimO:
1871 655 1894 680 *

1063 709 1119 750 Et
1138 708 1193 750 de
1213 708 1322 750 meis
1341 705 1584 749 visceribus
1604 705 1733 756 genui
1751 705 1895 747 Deum

1064 770 1108 807 et
1126 765 1359 806 hominem.
1382 762 1434 815 V.
1453 763 1640 804 Beatam
1658 775 1729 804 me
1749 761 1896 804 dicent

1065 834 1216 863 omnes
1235 820 1554 872 generationes,
1575 819 1676 871 quia
1695 818 1897 860 ancillam

1065 878 1274 920 humilem
1293 876 1488 930 respexit
1507 876 1639 917 Deus.
1667 876 1735 917 Et.

1368 963 1520 1003 Lectio
1542 962 1594 1003 vi.

1137 1034 1192 1075 ed
1217 1032 1288 1075 dic
1311 1031 1440 1073 nobis
1464 1030 1489 1071 J
1492 1031 1674 1078 03111166,
1702 1040 1802 1069 cum
1825 1027 1898 1069 ad-

1152 1090 1238 1131 huc
1261 1089 1305 1130 in
1330 1087 1569 1130 tenebroso
1593 1085 1745 1127 matris
1770 1087 1898 1126 utero

1067 1145 1351 1195 continearis,
1385 1141 1610 1195 quemodo
1642 1141 1823 1183 intueris
1857 1145 1900 1182 et

1068 1200 1216 1244 audis?
1248 1199 1474 1254 quemodo
1502 1211 1574 1240 res
1602 1197 1773 1239 divinas
1799 1209 1899 1238 con-

1067 1257 1318 1311 templaris?
1346 1254 1572 1308 quomodo
1597 1253 1746 1295 exsilis
1766 1258 1809 1295 et
1829 1266 1899 1295 ex-

1071 1313 1230 1358 sultas?
1261 1314 1470 1364 Magnum
1489 1316 1574 1361 est,
1598 1310 1754 1362 inquit,
1779 1308 1901 1362 quod

1069 1372 1295 1426 peragitur
1319 1369 1591 1422 mysterium,
1622 1372 1666 1409 et
1693 1371 1817 1408 actus
1845 1365 1900 1408 ab

1068 1430 1258 1471 humana
1280 1429 1475 1470 remotus
1496 1424 1903 1478 comprehensione.

1070 1486 1227 1528 Merito
1270 1488 1432 1526 innovo
1474 1485 1676 1524 naturam
1717 1485 1902 1534 propter

1071 1556 1187 1592 eum,
1218 1541 1292 1595 qui
1317 1545 1385 1583 est
1412 1541 1699 1581 innovaturus
1725 1550 1776 1579 ea
1803 1549 1902 1589 quae

1071 1604 1172 1641 sunt
1200 1611 1334 1651 supra
1362 1600 1576 1638 naturam.
1619 1594 1783 1644 Video,
1821 1593 1903 1636 etsi

1071 1655 1215 1698 adhuc
1247 1655 1290 1696 in
1322 1658 1450 1696 utero
1484 1652 1581 1702 sim,
1620 1651 1828 1704 quoniam
1858 1651 1902 1691 in

1070 1716 1196 1755 utero
1216 1711 1381 1764 gestari
1400 1709 1532 1752 video
1557 1708 1698 1750 solem
1715 1707 1903 1760 iustitiae.

1070 1769 1266 1811 Auribus
1286 1767 1498 1822 percipio,
1519 1765 1727 1818 quoniam
1745 1777 1904 1806 nascor

1071 1840 1159 1869 vox
1181 1826 1327 1877 magni
1350 1823 1500 1866 Verbi.
1537 1821 1768 1871 Exclamo,
1797 1823 1902 1874 quo-

1071 1884 1187 1925 niam
1235 1882 1395 1924 Filium
1442 1880 1587 1922 Patris
1635 1878 1904 1930 unigenitum

1072 1939 1307 1982 considero
1328 1950 1459 1980 carne
1473 1934 1686 1978 indutum.
1704 1934 1904 1984 Exsulto‚

1073 1997 1282 2049 quoniam
1324 1993 1533 2036 universi.
1551 1991 1805 2034 effectorem
1844 1992 1904 2032 vi-

1074 2054 1158 2096 deo
1205 2053 1391 2094 formam
1434 2049 1624 2092 hominis
1669 2049 1905 2101 suscipere.

1073 2110 1259 2159 Exsilio,
1293 2108 1502 2161 quoniam
1533 2104 1685 2147 mundi
1716 2103 1904 2146 Redem-

1074 2169 1247 2220 ptorem
1264 2165 1411 2216 cogito
1426 2164 1770 2216 incorporatum.
1790 2161 1905 2202 Prae-

1075 2227 1203 2266 curro
1228 2222 1466 2265 adventum
1489 2221 1596 2272 ejus,
1626 2223 1670 2260 et
1696 2215 1905 2270 quodam-

1074 2280 1209 2323 modo
1229 2279 1356 2322 vobis
1374 2279 1525 2331 praeeo
1546 2274 1832 2318 confessione.

1126 2346 1177 2397 R.
1217 2345 1358 2386 Beata
1392 2355 1491 2396 quae
1526 2339 1767 2390 credidisti,
1801 2340 1905 2391 quo-

1075 2403 1193 2444 niam
1217 2401 1502 2455 perficientur
1525 2399 1569 2439 in
1594 2402 1638 2439 te
1665 2408 1764 2449 quae
1788 2395 1906 2437 dicta

1076 2464 1177 2501 sunt
1201 2458 1282 2500 tibi
1305 2471 1331 2499 a
1354 2456 1558 2498 Domino.
1594 2455 1651 2496 Et
1675 2453 1736 2494 ait
1754 2452 1906 2494 Maria:

1074 2514 1097 2539 *
1115 2515 1368 2567 Magnificat
1388 2513 1532 2555 anima
1548 2524 1647 2553 mea
1660 2509 1906 2551 Dominum.

1075 2568 1125 2618 V.
1159 2573 1336 2622 Venite,
1369 2577 1414 2613 et
1446 2569 1609 2619 audite,
1642 2573 1686 2610 et
1717 2564 1906 2607 narrabo

1079 2634 1242 2683 quanta
1282 2629 1385 2671 fecit
1423 2628 1545 2668 Deus
1587 2624 1743 2666 animae
1784 2634 1907 2663 meae.

1077 2686 1339 2738 Magnificat.
1382 2683 1535 2725 Gloria
1566 2680 1698 2723 Patri.
1743 2679 1906 2729 Magni-

1078 2744 1192 2785 ficat.
