2040 2976
179 215 278 261 [360]

709 216 750 250 B.
776 216 909 250 Mariae
934 216 977 250 V.
1004 217 1050 251 de
1076 215 1364 251 Consolatione.

180 318 282 354 runt
302 312 356 354 de
378 316 529 354 monte
549 310 730 352 Galaad.
762 310 930 352 Dentes
949 311 1013 352 tui

179 369 292 411 sicut
309 380 466 419 greges
485 369 724 414 tonsarum,
744 379 844 418 quae
864 379 1011 408 350011-

180 424 338 466 derunt
358 423 413 466 de
433 423 623 472 lavacro,
644 435 797 464 omnes
815 422 1013 473 gemellis

179 481 375 530 fo'etibus,
408 486 452 521 et
484 479 646 520 sterilis
678 491 766 520 non
800 483 868 520 est
900 479 1013 520 inter

180 550 265 579 eas.
293 537 414 578 Sicut
429 536 539 578 vitta
554 537 764 577 coccinea
777 534 904 584 labia,
923 540 1013 576 tua:

180 598 224 635 et
260 593 484 645 eloquium
519 597 664 641 tuum,
699 590 839 632 dulce.
892 591 1013 632 Sicut

179 650 377 701 fragmen
395 648 500 690 mali
513 648 672 701 punici,
692 648 753 689 ita
771 660 896 698 genae
912 651 1012 697 tuae,

179 706 347 758 absque
374 718 439 755 eo,
465 704 586 756 quod
608 705 871 746 intrinsecus
893 704 1013 745 latet.

179 762 300 804 Sicut
335 762 468 803 turris
499 760 644 802 David
681 760 843 802 collum
879 765 1013 809 tuum,

181 831 279 870 quae
305 818 524 860 aedificata
548 822 615 859 est
639 829 739 858 cum
762 818 1012 869 propugna-

180 875 305 916 culis:
334 874 452 915 mille
482 874 624 926 clypei
648 872 844 925 pendent
869 885 924 914 ex
950 885 1012 922 ea,

180 932 322 972 omnis
351 933 572 972 armatura
598 930 787 971 fortium.

236 1001 285 1051 R.
299 996 461 1037 Sancta
480 1000 524 1036 et
543 994 824 1035 immaculata
839 993 1011 1044 virgini-

179 1057 258 1102 tas,
279 1051 438 1103 quibus
459 1056 504 1092 te
519 1050 723 1103 laudibus
744 1049 924 1091 efferam
943 1051 1013 1090 ne-

180 1109 289 1150 scio:
315 1114 337 1139 *
353 1108 465 1158 Quia
483 1120 613 1159 quem
629 1106 730 1148 coeli
751 1108 910 1158 capere
925 1118 1014 1147 non

179 1167 404 1217 poterant,
449 1168 526 1205 tuo
572 1163 739 1215 gremio
779 1162 1013 1204 contulisti.

182 1218 233 1270 V.
254 1219 498 1262 Benedicta
525 1225 575 1261 tu
598 1220 643 1260 in
668 1219 940 1268 mulieribus,
970 1223 1014 1259 et

178 1276 440 1318 benedictus
451 1277 619 1318 fructus
630 1276 796 1318 ventris
806 1276 880 1317 tui.
892 1275 1014 1325 Quia.

492 1350 643 1390 Lectio
664 1350 703 1389 ii.

181 1403 334 1507 Tota
363 1406 549 1459 pulchra
578 1419 624 1447 es
653 1408 794 1447 amica
820 1418 936 1455 mea,
971 1411 1015 1448 et

283 1463 456 1504 macula
479 1475 570 1504 non
595 1468 662 1504 est
680 1462 724 1502 in
744 1467 803 1503 te:
822 1462 938 1503 Veni
957 1462 1013 1504 de

178 1518 348 1560 Libano
373 1531 539 1571 sponsa
557 1531 667 1569 mea,
690 1518 791 1560 veni
811 1517 866 1560 de
885 1518 1012 1560 Liba-

179 1587 256 1623 no,
293 1575 411 1615 veni:
449 1574 734 1616 coronaberis
772 1574 827 1616 de
868 1575 1013 1627 capite

179 1630 366 1680 Amana,
400 1630 455 1672 de
483 1631 648 1672 vertice
676 1631 802 1672 Sanir
831 1636 874 1672 et
901 1631 1011 1672 Her-
1071 1637 1107 1681 ,ε’-τ’
1137 1639 1139 1643 “

179 1700 293 1736 111011,
309 1686 364 1728 de
381 1686 597 1728 cubilibus
613 1687 801 1736 leonum,
823 1687 877 1728 de
892 1690 1012 1728 mon-

179 1742 296 1784 tibus
337 1742 589 1795 pardorum.
643 1743 900 1785 Vulnerasti
937 1757 1013 1786 001·

179 1812 326 1840 11ιο11111
352 1812 478 1841 soror
497 1813 596 1841 mea
616 1812 790 1852 sponsa,
815 1800 1012 1842 vulnera-

179 1855 234 1897 sti
255 1868 332 1897 cor
347 1868 494 1897 meum
513 1856 556 1896 in
571 1868 658 1897 uno
674 1856 904 1897 oculorum
917 1859 1011 1898 tuo-

178 1924 284 1961 rum,
301 1912 402 1952 etin
415 1925 504 1953 uno
521 1912 640 1954 crine
656 1912 759 1954 colli
772 1913 847 1954 tui.
871 1914 1013 1964 Quam

178 1967 375 2020 pulchrae
404 1973 504 2009 sunt
532 1981 735 2009 mammae
762 1974 851 2010 tuae
884 1982 1013 2010 soror

179 2036 276 2065 mea
292 2024 473 2076 sponsa!
491 2024 745 2076 pulchriora
760 2030 861 2066 sunt
875 2025 1013 2067 ubera

179 2085 254 2120 tua
269 2080 383 2130 vino,
399 2086 442 2122 et
458 2080 571 2122 odor
586 2084 911 2132 unguentorum
924 2084 1012 2124 tuo·

179 2147 276 2176 rum
297 2149 429 2188 super
448 2137 595 2177 omnia
614 2139 821 2179 aromata.

234 2208 284 2259 R.
311 2205 684 2255 Congratulamini
711 2207 818 2248 mihi
847 2220 1011 2258 omnes,

180 2261 254 2313 qui
282 2260 463 2312 diligitis
492 2263 748 2313 Dominum,
783 2265 883 2316 quia
913 2277 1012 2305 cum

179 2330 321 2359 essem
341 2318 535 2370 parvula,
556 2319 701 2370 placui
721 2320 968 2362 Altissim0:
989 2324 1011 2347 *

178 2374 235 2415 Et
255 2373 310 2415 de
329 2377 438 2415 meis
458 2375 700 2416 visceribus
719 2377 849 2427 genui
867 2377 1012 2418 Deum

179 2435 223 2471 et
241 2429 475 2471 hominem.
506 2427 557 2477 V.
571 2431 754 2472 Beatam
773 2446 844 2474 me
864 2433 1012 2474 dicent

179 2498 332 2527 omnes
351 2487 669 2537 generationes,
690 2488 791 2539 quia
809 2489 1011 2530 ancillam

178 2541 387 2584 humilem
406 2543 601 2595 respexit
619 2543 751 2584 Deus.
779 2544 846 2586 Et.

480 2612 632 2653 Lectio
654 2612 710 2652 iii.

259 2686 366 2714 avus
383 2673 599 2715 distillans
614 2673 731 2715 labia
746 2679 820 2715 tua
836 2687 1010 2726 sponsa,

280 2729 367 2772 mel
396 2735 439 2772 et
466 2730 535 2772 lac
561 2729 642 2771 sub
670 2730 816 2781 lingua
844 2735 1011 2780 tua:„et

1066 309 1179 352 odor
1201 308 1565 350 vestimentorum
1587 310 1764 350 tuorum
1787 309 1899 351 sicut

1067 365 1180 408 odor
1198 365 1349 407 thuris.
1381 365 1553 407 Hortus
1575 365 1811 407 conclusus
1831 378 1898 407 so-

1065 435 1140 463 ror
1158 434 1257 463 mea
1276 434 1451 474 sponsa,
1477 421 1634 464 hortus
1653 421 1899 471 001101115115,

1065 478 1164 520 fons
1184 478 1395 529 signatus.
1426 477 1698 519 Emissiones
1717 483 1806 520 tuae
1824 491 1899 531 pa-

1065 534 1238 576 radisus
1266 534 1484 575 malorum
1511 534 1772 587 punicorum
1801 547 1900 575 cum

1064 593 1301 643 pomorum
1345 590 1572 632 fructibus.
1628 590 1763 643 Cypri
1800 603 1900 632 cum

1064 646 1217 697 nardo,
1240 645 1404 688 nardus
1428 652 1473 688 et
1497 659 1666 696 crocus,
1689 647 1837 688 fistula
1857 651 1901 688 et

1066 704 1392 745 cinnamomum
1417 716 1517 745 cum
1535 703 1752 745 universis
1771 702 1899 755 lignis

1065 759 1233 809 Libani,
1257 759 1435 812 myrrha
1460 764 1503 801 et
1524 759 1623 801 aloe
1643 772 1743 801 cum
1763 759 1898 800 omni-

1065 816 1149 858 bus
1167 816 1321 869 primis
1340 816 1585 867 unguentis.
1612 816 1731 857 Fons
1751 815 1899 857 horto-

1066 886 1178 914 rum:
1209 875 1371 925 puteus
1403 875 1617 925 aquarum
1647 871 1900 921 viventium,

1067 941 1167 981 quae
1213 929 1353 970 fluunt
1403 931 1571 981 impetu
1617 927 1672 970 de
1717 927 1900 969 Libano.

1066 985 1204 1036 Surge
1216 985 1391 1036 Aquilo,
1406 990 1450 1027 et
1460 985 1561 1026 veni
1571 984 1746 1034 Auster,
1761 984 1901 1037 perfla

1066 1042 1244 1084 hortum
1268 1054 1432 1091 meum,
1466 1046 1510 1084 et
1537 1041 1675 1083 fluant
1703 1043 1901 1083 aromata

1066 1099 1193 1140 illius.

1123 1166 1174 1218 Rz.
1196 1163 1338 1205 Beata
1357 1176 1404 1205 es
1423 1163 1574 1214 Virgo.
1595 1163 1700 1216 [138]

1299 1251 1348 1289 In
1375 1251 1426 1289 II.
1454 1251 1678 1290 Nocturno.

1103 1317 1254 1358 Sermo
1276 1315 1416 1357 sancti
1435 1313 1651 1357 Bemardi
1670 1313 1870 1356 Abbatis.

1071 1380 1204 1415 Sermo
1223 1380 1262 1413 in
1275 1380 1481 1415 Dominiea
1494 1380 1595 1415 infra
1610 1380 1689 1415 Oct.
1703 1380 1903 1425 Assumpt.

1237 1428 1279 1462 B.
1297 1428 1344 1463 M.
1359 1429 1402 1463 V.
1419 1439 1536 1472 super
1553 1429 1623 1472 sig.
1640 1439 1738 1472 mag.

1373 1489 1526 1531 Lectio
1547 1490 1600 1530 iv.

1142 1560 1257 1602 ,1110
1268 1548 1408 1589 Maria
1422 1547 1519 1589 sole
1531 1546 1790 1600 perhibetur
1805 1548 1902 1587 ami-

1100 1600 1107 1630 5
1138 1598 1161 1655 Ξ.
1198 1610 1279 1654 013,
1306 1617 1404 1656 quae
1428 1603 1820 1656 profundissimam
1839 1601 1899 1645 di-

1130 1676 1132 1678 *
1172 1675 1173 1678 ¹
1197 1663 1311 1702 vinae
1344 1660 1589 1713 sapientiae,
1622 1659 1738 1702 ultra
1769 1672 1901 1712 quam

1068 1716 1190 1759 credi
1215 1716 1371 1766 valeat,
1399 1716 1651 1770 penetravit
1675 1715 1900 1768 abyssum3

1066 1779 1124 1823 ut,
1152 1778 1365 1826 quantum
1383 1773 1477 1814 sine
1495 1771 1721 1825 personali
1739 1772 1901 1813 unione

1066 1834 1283 1873 creaturae
1307 1829 1505 1871 conditio
1529 1829 1706 1882 patitur,
1729 1827 1817 1869 luci
1839 1827 1901 1868 illi

1065 1886 1359 1928 inaccessibili
1382 1885 1586 1927 videatur
1609 1885 1780 1926 imersa.
1815 1884 1900 1926 Illo

1066 1944 1269 1984 nimirum
1287 1943 1389 1993 igne
1405 1941 1645 1994 Prophetae
1663 1940 1781 1983 labia
1799 1952 1899 1994 pur-

1064 2002 1239 2051 gantur,
1266 1998 1342 2040 illo
1368 1999 1468 2049 igne
1492 1997 1724 2050 Seraphim
1748 2009 1899 2039 accen-

1066 2055 1239 2098 duntur.
1279 2055 1432 2106 Longe
1462 2066 1570 2096 vero
1604 2053 1731 2096 aliter
1761 2053 1900 2094 Maria

1063 2112 1233 2162 meruit,
1252 2124 1342 2153 non
1356 2111 1477 2152 velut
1497 2109 1750 2151 summatim
1764 2110 1899 2161 tangi,

1065 2168 1145 2210 sed
1170 2168 1334 2221 operiri
1354 2167 1494 2218 magis
1518 2166 1724 2219 undique,
1752 2170 1796 2207 et
1820 2166 1899 2208 cir-

1066 2224 1291 2266 cumfundi
1329 2229 1372 2265 et
1406 2229 1634 2275 tamquam
1669 2222 1767 2275 ipso
1798 2222 1899 2274 igne

1065 2279 1281 2322 concludi.
1316 2279 1663 2321 Candidissimus
1684 2291 1800 2329 sane,
1819 2277 1900 2320 sed

1065 2342 1109 2379 et
1128 2336 1419 2378 calidissimus
1439 2336 1565 2388 hujus
1584 2335 1779 2376 mulieris
1795 2336 1898 2376 ami·

1065 2399 1179 2436 ctus:
1207 2394 1328 2445 cujus
1353 2393 1499 2434 omnia
1517 2397 1607 2433 tam
1632 2391 1898 2433 excellenter

1063 2448 1274 2492 irradiata
1298 2452 1552 2496 noscuntur,
1575 2452 1624 2489 ut
1646 2446 1753 2488 nihil
1771 2447 1815 2487 in
1834 2459 1898 2496 ea,

1063 2519 1152 2547 non
1174 2505 1273 2548 dico
1297 2504 1593 2553 tenebrosum,
1620 2503 1700 2545 sed
1722 2516 1777 2545 ne
1797 2503 1897 2545 sub-

1065 2562 1304 2604 obscurum
1331 2561 1498 2610 saltem,
1527 2560 1597 2602 vel
1624 2559 1767 2600 minus
1793 2559 1897 2600 luci-

1065 2618 1184 2668 dum,
1211 2617 1291 2659 sed
1315 2630 1370 2659 ne
1395 2616 1595 2670 tepidum
1621 2614 1800 2669 quidem
1824 2615 1896 2656 ali-

1065 2674 1188 2726 quid,
1223 2679 1297 2716 aut
1329 2687 1418 2716 non
1449 2672 1818 2716 ferventissimum
1848 2671 1895 2712 li-

1064 2735 1161 2773 ceat
1189 2730 1415 2784 suspicari.
