2040 2976
729 192 839 226 Fcria
866 199 973 226 sexta
998 192 1046 226 ad
1067 192 1273 235 Vesperas.
1400 192 1404 195 ’
1807 199 1868 234 121

152 297 343 336 tuerunt:
375 294 400 320 *
429 293 542 335 sicut
573 291 822 333 crassitudo
854 296 985 333 terrae

154 354 310 404 erupta
329 355 396 392 est
414 362 548 403 super
564 352 738 390 terram.

203 408 430 460 Dissipata
450 410 551 448 sunt
569 418 673 447 ossa
691 409 844 447 nostra
858 418 986 447 secus

152 464 385 506 infernum:
412 463 436 490 *
468 462 571 515 quia
605 461 663 503 ad
697 466 742 503 te
778 463 985 512 Domine,

153 521 343 563 Domine
376 519 492 562 oculi
518 519 619 560 mei:
650 519 695 559 in
722 523 767 560 te
799 519 986 571 speravi,

154 590 243 619 non
264 577 437 619 auferas
462 576 651 617 animam
666 587 821 616 meam.

208 633 393 676 Custodi
410 646 481 674 me
505 645 530 674 a
547 632 724 684 laqueo,
751 644 882 684 quem
902 637 985 673 sta-

153 692 331 732 tuerunt
349 689 468 731 mihi:
489 689 513 715 *
533 693 578 730 et
595 701 622 729 a
644 687 864 730 scandalis
884 701 985 741 ope-

155 747 346 788 rantium
363 745 650 798 iniquitatem.

209 803 378 846 Cadent
405 803 450 843 in
479 801 691 843 retiaculo
717 801 809 853 ejus
832 813 986 854 pecca-

154 862 290 902 tores:
314 860 338 886 *
369 858 647 911 singulariter
675 871 772 899 sum
799 870 882 909 ego
911 858 986 899 do-

154 929 237 958 nec
252 918 484 958 transeam.

209 986 308 1025 Ant.
336 985 525 1027 Domine
546 984 732 1026 clamavi
751 983 809 1025 ad
831 988 890 1034 te,
917 997 986 1025 ex-

155 1041 260 1084 audi
277 1054 359 1084 me.

206 1110 305 1149 Ant.
338 1110 487 1153 Portio
505 1122 614 1152 mea.

417 1180 618 1220 Psalmus
640 1182 718 1220 141.

153 1239 325 1347 Voce
344 1266 443 1295 mea
457 1252 515 1294 ad
528 1252 772 1294 Dominumv
788 1251 987 1292 clamavi:

258 1310 282 1336 *
306 1322 418 1352 voce
441 1322 541 1351 mea
570 1309 628 1350 ad
650 1308 890 1350 Dominum
915 1307 986 1350 de-

153 1368 361 1420 precAtus
382 1379 493 1408 sum:
997 1369 1001 1376 “

205 1423 397 1465 Effundo
428 1423 473 1464 in
502 1424 745 1476 conspectu
773 1421 864 1474 ejus
893 1433 986 1462 ora-

153 1480 321 1522 tionem
349 1492 510 1530 meam,
534 1480 559 1505 *
585 1484 629 1521 et
658 1478 987 1520 tribulationem

153 1549 298 1579 meam
315 1541 417 1579 ante
435 1537 582 1589 ipsum
599 1534 849 1589 pronuntio.

205 1594 258 1634 In
296 1592 542 1635 deficiendo
587 1605 643 1634 ex
678 1605 750 1633 me
785 1590 987 1644 spiritum

153 1662 316 1700 meum,
338 1650 362 1676 *
388 1654 433 1692 et
457 1654 507 1691 tu
534 1648 781 1701 cognovisti
808 1647 987 1689 semitas

153 1719 286 1748 meas.

205 1763 258 1803 In
287 1762 359 1804 via
389 1762 609 1814 hac,'qua
633 1760 933 1810 ambulabam,
963 1760 987 1785 *

153 1818 481 1861 absconderunt
498 1818 706 1871 laqueum
723 1817 840 1858 mihi.

208 1875 555 1917 Considerabam
587 1874 646 1916 ad
681 1874 910 1916 dexteram
944 1877 988 1914 et

154 1931 372 1974 videbam:
390 1932 414 1958 *
435 1936 479 1974 et
500 1944 591 1973 non
610 1935 705 1973 erat
728 1931 803 1984 qui
826 1931 986 1981 cogno-

154 1993 298 2030 sceret
315 2001 397 2030 me.

205 2045 342 2087 Periit
359 2045 464 2097 fuga
482 2057 508 2085 a
523 2057 605 2095 me,
619 2044 643 2071 *
659 2048 703 2086 et
720 2057 810 2086 non
830 2047 898 2086 est
914 2043 989 2095 qui

154 2103 350 2154 requirat
369 2102 559 2143 animam
576 2114 731 2143 meam.

209 2157 405 2199 Clamavi
433 2157 491 2200 ad
518 2162 564 2200 te
590 2158 801 2207 Domine,
828 2157 853 2183 *
879 2155 988 2198 dixi:
1020 2195 1025 2197 ,

156 2213 226 2255 Tu
246 2227 292 2255 es
308 2227 410 2267 spes
421 2227 531 2264 mea,
549 2214 697 2266 portio
708 2226 807 2256 mea
816 2213 861 2254 in
871 2217 989 2254 terra

155 2270 406 2312 viventium.

207 2326 393 2368 Intende
404 2326 462 2368 ad
468 2325 989 2379 deprecationemmeam:

156 2383 181 2409 *
200 2383 302 2435 quia
319 2382 571 2424 humiliatus
594 2396 691 2424 sum
707 2382 846 2423 nimis.

208 2439 369 2481 Libera
386 2452 458 2481 me
477 2451 503 2480 a
521 2438 890 2492 persequentibus
904 2451 989 2479 me:

157 2495 181 2522 *
202 2496 305 2548 quia
323 2495 559 2537 confortati
578 2501 679 2537 sunt
698 2508 831 2548 super
849 2507 931 2536 me.

209 2551 336 2594 Educ
355 2552 410 2594 de
426 2550 627 2594 custodia
641 2552 831 2593 animam
846 2563 990 2592 meam

159 2608 217 2650 ad
244 2608 543 2650 confitendum
570 2608 736 2649 nomini
761 2612 854 2649 tuo:
872 2607 896 2633 *
919 2620 990 2648 me

158 2667 419 2763 fflectant
444 2664 564 2718 justi,
601 2663 743 2706 donec
773 2663 990 2706 retribuas

316 2863 380 2888 Pars
397 2863 505 2888 AEstiva.

1092 292 1191 331 Ant.
1228 291 1374 333 l'ortio
1404 306 1503 335 mea
1525 294 1715 335 Domine
1743 293 1799 334 sit
1825 293 1869 334 in

1037 351 1156 389 terra
1174 348 1423 390 viventium,

1145 433 1402 483 Capitulum.
1548 433 1595 470 11.
1619 435 1713 470 (101⁴.
1739 434 1762 470 l.

1124 509 1352 551 enedictus
1375 510 1516 559 Deus,
1551 514 1594 551 et
1620 510 1752 551 Pater
1780 510 1868 550 Do-

1138 566 1244 606 mini
1261 566 1402 607 nostri
1420 566 1444 606 J
1448 579 1526 607 esu
1546 565 1721 616 Christi,
1739 567 1871 607 Pater

1038 622 1456 672 misericordiarum,
1498 627 1541 663 et
1576 623 1698 664 Deus
1735 624 1870 663 totius

1040 679 1370 728 consolationis,
1407 679 1482 731 qui
1509 678 1762 720 consolatur
1789 691 1870 720 nos

1038 736 1083 776 in
1102 736 1221 777 omni
1238 735 1520 777 tribulatione
1539 740 1700 777 nostra.

1356 831 1526 880 Ilymuu
1535 844 1563 869 s

1188 904 1345 946 ominis
1365 906 1554 956 superne
1575 903 1798 954 Conditor,

1197 961 1282 1011 Qui
1301 966 1458 1002 cuncta
1478 960 1598 1002 solus
1620 960 1838 1010 ordinans,

1145 1018 1340 1059 Humum
1359 1017 1482 1070 jubes
1501 1016 1750 1070 producere

1143 1074 1378 1127 Reptantis
1400 1079 1443 1116 et
1461 1074 1566 1116 ferae
1585 1087 1738 1126 genus:

1098 1144 1152 1184 Et
1170 1156 1330 1195 magna
1348 1156 1494 1185 rerum
1513 1145 1713 1196 corpora,

1144 1201 1279 1241 Dictu
1296 1200 1485 1253 jubentis
1503 1200 1661 1250 vivida,

1102 1292 1106 1296 .
1145 1257 1229 1298 Per
1247 1259 1496 1309 temporum
1516 1261 1658 1298 certas
1677 1256 1796 1297 vices

1145 1313 1467 1366 Obtemperare
1486 1313 1685 1354 servulis:

1097 1383 1287 1436 Repelle,
1308 1383 1429 1436 quod
1448 1383 1665 1436 cupidinis

1147 1441 1299 1482 Ciente
1318 1440 1362 1481 vi
1380 1453 1461 1481 nos
1481 1440 1664 1492 impetit,

1144 1497 1235 1538 Aut
1253 1496 1450 1538 moribus
1470 1509 1517 1538 se
1538 1495 1745 1547 suggerit,

1144 1553 1235 1595 Aut
1256 1553 1427 1595 actibus
1445 1566 1493 1594 se
1511 1552 1742 1594 interserit.

1093 1623 1162 1664 Da
1180 1622 1443 1674 gaudiorum
1460 1622 1653 1675 praemia,

1143 1681 1214 1720 Da
1233 1679 1471 1730 gratiarum
1490 1682 1687 1719 munera:

1147 1736 1354 1777 Dissolve
1373 1735 1462 1776 litis
1480 1734 1672 1776 vincula:

1145 1793 1353 1844 Astringe
1371 1791 1495 1844 pacis
1514 1790 1693 1832 fo'edera.

1095 1862 1272 1913 Praesta,
1290 1863 1423 1903 Pater
1440 1860 1647 1913 piissime,

1143 1920 1353 1971 Patrique
1372 1929 1554 1969 compar
1571 1916 1721 1966 Unice,

1147 1976 1257 2017 Cum
1275 1975 1439 2028 Spiritu
1455 1972 1675 2014 Paraclito

1143 2033 1353 2084 Regnans
1371 2043 1451 2084 per
1471 2042 1600 2071 omne
1621 2028 1842 2070 saeculum.

1354 2088 1508 2129 Amen.

1095 2155 1145 2206 V·
1162 2161 1386 2213 Dirigatur
1396 2159 1587 2201 Domine
1607 2158 1748 2211 oratio
1763 2170 1871 2199 mea.

1041 2216 1092 2267 R*-
1105 2218 1226 2259 Sicut
1239 2218 1466 2259 incensum
1475 2217 1519 2257 in
1530 2217 1772 2268 conspectu
1785 2218 1872 2255 tuo.

1094 2286 1163 2327 Ad
1185 2286 1358 2336 Magnis.
1388 2287 1486 2326 Ant.
1516 2287 1736 2341 Deposuit
1753 2287 1776 2313 *
1796 2299 1871 2339 po-

1041 2349 1205 2397 tentes,
1242 2351 1419 2388 sanctos
1451 2346 1783 2399 persequentes:
1829 2347 1872 2383 et

1043 2403 1253 2445 exaltavit
1270 2402 1473 2453 humiles,
1501 2401 1722 2443 Christum
1741 2398 1871 2441 confi-

1042 2461 1198 2501 tentes.

1095 2528 1250 2570 Preces,
1287 2528 1320 2561 si
1351 2528 1526 2561 dicendae
1558 2527 1649 2562 sint,
1681 2526 1869 2559 habentur

1042 2586 1159 2618 supra
1184 2575 1222 2609 in
1243 2575 1360 2619 Vcsp.
1386 2575 1468 2609 Fer.
1494 2575 1538 2607 ΙΙ.
1565 2574 1644 2609 110.

1646 2841 1666 2873 9
