2040 2976
174 219 266 264 [226]

174 316 318 368 ipsum
340 315 607 367 peculiarem
633 315 731 365 sibi,
760 328 786 356 a
812 329 900 368 quo
923 329 1006 368 pro

173 372 307 413 tantis
342 371 567 413 beneficiis
601 376 723 413 tanta
755 371 870 413 mala
900 373 1006 414 reci-

174 427 334 480 piabat.

226 485 277 537 Rz.
291 484 387 534 Ego
402 489 585 537 propter
600 488 644 525 te
659 483 1007 526 Chananaeorum

174 553 300 591 reges
332 540 552 593 permissi,
591 545 634 582 et
666 539 770 582 dedi
805 541 884 582 tibi
917 554 1006 582 sce-

173 602 321 649 ptrum
341 597 503 647 regale:
522 599 545 624 *
558 597 616 638 Et
633 600 682 638 tu
697 597 859 639 dedisti
875 597 1007 649 capiti

174 666 273 694 meo
299 656 496 706 spineam
517 655 737 703 coronam,
762 658 806 695 et
830 666 1006 706 percus-

175 710 269 751 sisti
289 709 502 751 arundine
521 714 655 762 caput
670 723 826 751 meum.
850 708 901 758 V.
926 710 1006 750 Po-

174 766 276 818 pule
305 779 448 822 meus,
482 765 589 818 quid
616 766 700 808 feci
727 766 826 815 tibi,
861 771 936 807 aut
963 766 1007 806 in

175 835 263 874 quo
284 823 542 864 contristavi
560 820 626 863 te?
649 822 871 875 responde
890 822 1007 862 mihi.

173 880 231 920 Et
249 884 298 920 tu
318 878 488 921 dedisti.

483 940 635 981 Lectio
656 953 693 979 v.

283 997 419 1039 odum
441 997 600 1048 ipsum,
627 996 664 1036 si
689 995 922 1046 diligenter
947 1000 1007 1037 at-

304 1053 471 1103 tendas,
490 1065 579 1094 non
594 1051 730 1106 modo
747 1052 907 1101 mitem,
929 1052 1009 1094 sed

174 1115 218 1152 et
231 1110 439 1151 humilem
452 1108 587 1150 corde
603 1110 858 1159 cognosces.
877 1108 1007 1150 Nem-

173 1179 230 1219 pe
250 1167 293 1206 in
307 1166 550 1207 humilitate
569 1164 777 1217 judicium
796 1166 888 1217 ejus
908 1165 1006 1206 sub—

172 1223 309 1264 latum
330 1227 407 1272 est,
432 1235 532 1263 cum
551 1234 634 1263 nec
656 1221 712 1262 ad
731 1226 875 1262 tantas
894 1221 1007 1262 blas-

171 1278 389 1331 phemias,
426 1291 508 1319 nec
537 1277 593 1319 ad
622 1277 874 1327 falsissima,
909 1291 1007 1330 quae

172 1335 256 1376 sibi
282 1334 598 1387 objiciebantur
622 1334 803 1375 crimina
826 1347 1007 1387 respon-

173 1390 307 1432 deret.
335 1391 549 1440 Vidimus,
569 1390 720 1442 inquit,
741 1402 842 1431 eum
859 1395 904 1431 et
921 1404 1008 1432 non

173 1453 266 1488 erat
300 1447 340 1488 ei
377 1448 602 1499 aspectus,
638 1459 720 1487 nec
758 1447 1008 1499 speciosum

174 1503 312 1544 forma
333 1515 427 1555 prae
451 1503 550 1543 filiis
570 1502 807 1550 hominum,
831 1502 911 1544 sed
931 1515 1007 1555 op-

171 1559 401 1611 probrium
437 1558 663 1599 hominurn
703 1563 747 1599 et
783 1563 1008 1611 tamquam

172 1615 420 1667 leprosum,
471 1615 757 1656 novissimum
802 1615 1007 1666 virorum,

173 1670 302 1723 plane
330 1671 472 1711 virum
501 1670 705 1712 dolorum
734 1684 759 1712 a
786 1671 882 1712 Deo
911 1684 1007 1724 per-

174 1730 350 1767 cussum
370 1732 414 1768 et
432 1727 719 1777 humiliatum3
744 1727 804 1768 ita
823 1732 871 1768 ut
889 1727 1008 1768 nulla

173 1787 291 1824 esset
321 1782 360 1823 ei
389 1783 577 1835 species,
605 1795 748 1834 neque
777 1782 924 1824 decor.
969 1783 1006 1824 Ο

172 1838 458 1880 novissimum
482 1844 526 1879 et
552 1838 827 1880 altissimum!
868 1839 905 1880 O
929 1839 1005 1880 hu-

172 1894 319 1935 milem
335 1900 378 1935 et
393 1894 640 1935 sublimem!
664 1895 701 1935 O
719 1894 1006 1947 opprobrium

171 1949 396 1990 hominum
429 1956 472 1992 et
505 1950 691 2000 gloriam
718 1951 1007 2001 Angelorum!

171 2005 313 2047 Nemo
338 2006 414 2047 illo
439 2006 677 2057 sublimior,
701 2019 845 2058 neque
869 2007 1005 2048 humi-

171 2061 264 2102 lior.
296 2062 497 2114 Denique
517 2063 657 2114 sputis
676 2063 811 2104 illitus
831 2068 909 2113 est,
929 2076 1005 2116 op-

171 2117 362 2170 probriis
390 2120 611 2159 saturatus
638 2123 722 2168 est,
750 2124 892 2161 morte
918 2124 1005 2161 tur-

171 2173 352 2225 pissima
370 2172 688 2216 condemnatus
703 2180 781 2224 est,
801 2188 901 2216 cum
916 2188 1006 2216 sce-

171 2228 321 2270 leratis
336 2227 573 2281 deputatus
590 2235 667 2271 est.
695 2230 903 2282 Nihilque
918 2244 1004 2272 me-

171 2284 337 2326 rebitur
352 2284 422 2325 vel
437 2285 520 2326 ista
535 2285 767 2336 humilitas,
781 2299 879 2339 quae
890 2287 1006 2328 hunc

170 2339 304 2381 habet
335 2339 535 2389 modum3
571 2341 659 2382 imo
689 2355 788 2393 quae
819 2348 910 2384 tam
939 2348 1006 2384 est

170 2396 285 2437 ultra
309 2394 514 2437 modum?
557 2397 676 2439 Sicut
702 2404 768 2439 est
793 2399 1006 2451 patientia

171 2451 412 2503 singularis,
435 2452 499 2492 sic
518 2457 562 2493 et
580 2451 800 2495 humilitas
821 2454 1005 2496 admira-

170 2507 284 2557 bilis;
304 2510 491 2559 utraque
511 2507 604 2548 sine
626 2510 839 2562 exemplo.

223 2564 275 2617 Rt·
312 2568 408 2618 Ego
446 2566 551 2609 duxi
586 2573 630 2609 te
666 2582 746 2620 per
783 2569 1004 2611 desertum
1063 2587 1156 2613 2

171 2622 461 2675 quadraginta
476 2623 610 2671 annis,
631 2629 675 2665 et
688 2638 846 2666 manna
862 2626 1004 2667 cibavi

170 2684 230 2721 te:
258 2675 283 2700 *
309 2679 366 2721 Et
393 2684 442 2720 tu
468 2691 538 2719 1116
567 2679 765 2721 cecidisti
794 2681 934 2733 alapis
960 2687 1004 2722 et

170 2735 364 2786 flagellis.
391 2725 443 2779 V.
461 2734 631 2787 Popule
646 2748 780 2786 meus,
802 2736 907 2788 quid
921 2737 1004 2778 feci

574 222 751 256 Officium
776 222 951 256 votivum
976 222 1023 256 de
1047 222 1235 255 Passione
1260 221 1304 255 D.
1324 221 1370 255 N.
1391 221 1424 255 J.
1446 221 1486 256 C.

1059 314 1150 364 tibi,
1174 320 1249 356 aut
1271 314 1315 355 in
1340 327 1428 366 quo
1454 314 1710 356 contristavi
1732 313 1800 356 te?
1826 327 1890 356 re—

1061 370 1231 424 sponde
1250 371 1366 412 mihi.
1394 371 1451 413 Et
1469 377 1528 413 tu.

1363 434 1517 475 Lectio
1538 434 1591 474 vi.

1153 495 1355 545 tramque
1377 497 1525 534 tamen
1545 490 1776 543 magnifice
1796 503 1893 532 cau-

1178 562 1226 589 sa
1250 549 1348 602 ipsa
1372 546 1667 598 commendat,
1692 547 1895 587 nimirum

1062 605 1220 647 caritas
1247 611 1324 647 est.
1364 606 1553 658 Propter
1577 604 1754 645 nimiam
1780 603 1896 644 enim

1062 662 1290 704 caritatem
1326 675 1468 712 suam,
1507 674 1593 714 qua
1626 660 1779 702 dilexit
1813 672 1895 701 nos

1061 719 1202 768 Deus,
1238 723 1287 760 ut
1319 731 1495 759 servum
1526 716 1778 766 redimeret,
1814 727 1896 758 nec

1061 775 1193 817 Pater
1207 775 1330 825 Filio,
1349 787 1432 816 nec
1451 774 1534 816 sibi
1552 774 1689 815 Filius
1707 773 1802 826 ipse
1821 785 1895 825 pe-

1061 831 1212 884 percit.
1248 832 1367 873 Vere
1390 831 1583 880 nimiam,
1609 830 1712 882 quia
1735 834 1779 875 et
1800 828 1897 870 haec

1061 891 1312 929 mensuram
1357 886 1551 937 excedit,
1600 885 1784 928 modum
1827 888 1896 926 su-

1061 949 1198 996 perat,
1221 944 1352 997 plane
1377 943 1706 996 supereminens
1727 941 1896 983 univer-

1062 1001 1133 1042 515;
1165 1001 1387 1054 Majorem,
1406 1000 1557 1052 inquit,
1578 999 1808 1041 caritatem
1825 1010 1896 1039 116-

1061 1069 1134 1098 mo
1158 1057 1306 1108 habet,
1334 1070 1466 1110 quam
1488 1062 1536 1098 ut
1561 1055 1750 1096 animam
1773 1067 1898 1095 suam

1061 1119 1199 1166 ponat
1234 1114 1331 1166 quis
1366 1126 1449 1166 pro
1487 1112 1639 1154 amicis
1673 1111 1775 1153 suis.
1829 1111 1899 1152 Tu

1061 1171 1271 1222 majorem
1291 1169 1485 1211 habuisti
1503 1168 1704 1218 Domine,
1727 1179 1899 1220 ponens

1063 1239 1160 1267 eam
1179 1226 1311 1267 otiam
1327 1238 1409 1278 pro
1429 1225 1626 1266 inimicis.
1655 1224 1766 1265 Cum
1784 1223 1900 1265 enim

1063 1282 1208 1324 adhuc
1235 1282 1398 1323 inimici
1428 1283 1643 1331 essomus,
1676 1293 1757 1333 per
1784 1293 1897 1322 mor-

1061 1343 1151 1380 tem
1166 1344 1287 1380 tuam
1303 1343 1347 1380 et
1364 1337 1445 1380 tibi
1463 1336 1733 1386 reconciliati
1748 1349 1898 1385 sumus

1062 1400 1106 1436 et
1126 1395 1258 1436 Patri.
1300 1395 1514 1445 Quaenam
1540 1406 1646 1445 ergo
1671 1393 1757 1434 alia
1779 1391 1898 1435 vido-

1061 1450 1179 1492 bitur
1201 1463 1310 1501 esse,
1333 1450 1404 1492 vel
1423 1451 1568 1500 fuisse,
1592 1449 1663 1491 vel
1681 1448 1776 1491 fore
1795 1448 1898 1499 huic

1062 1507 1213 1547 similis
1234 1505 1428 1549 caritati?
1456 1507 1545 1548 Vix
1563 1518 1646 1559 pro
1665 1506 1781 1558 justo
1798 1505 1896 1557 quis

1060 1563 1257 1605 moritur.
1285 1564 1355 1604 Tu
1370 1576 1453 1616 pro
1472 1562 1643 1615 injustis
1661 1574 1822 1614 passus
1838 1573 1896 1611 es,

1060 1620 1252 1661 moriens
1268 1625 1453 1673 propter
1468 1619 1628 1661 delicta
1641 1622 1804 1668 nostra,
1823 1617 1898 1670 qui

1061 1676 1219 1718 venisti
1255 1676 1490 1728 justificare
1525 1675 1663 1726 gratis
1693 1675 1896 1727 peccato-

1061 1744 1142 1782 res,
1165 1745 1318 1774 servos
1338 1733 1483 1774 facere
1503 1732 1672 1780 fratres,
1696 1732 1896 1783 captivos

1062 1787 1329 1838 cohaeredes,
1350 1788 1523 1830 exsules
1543 1799 1681 1838 reges.

1110 1850 1162 1902 Rz.
1196 1849 1293 1900 Ego
1328 1848 1518 1890 exaltavi
1549 1853 1593 1890 te
1623 1859 1783 1897 magna
1813 1846 1895 1887 vir-

1059 1907 1168 1946 tute:
1187 1905 1212 1930 *
1236 1905 1294 1946 Et
1312 1910 1360 1947 tu
1378 1917 1448 1946 me
1469 1901 1738 1956 suspendisti
1755 1902 1799 1942 in
1818 1915 1893 1955 pa-

1059 1960 1200 2002 tibulo
1239 1961 1399 2011 crucis,
1435 1959 1458 1983 *
1492 1961 1543 2001 In
1579 1972 1666 2011 qua
1703 1957 1895 2011 expandi

1059 2029 1213 2057 manus
1233 2029 1354 2058 meas
1379 2016 1436 2058 ad
1454 2015 1670 2069 populum
1692 2027 1781 2056 non
1805 2027 1895 2056 cre-

1060 2071 1237 2114 dentem
1256 2078 1300 2115 et
1323 2071 1708 2115 contradicentem.
1736 2065 1786 2118 V.
1813 2071 1895 2112 Ρό-

1059 2129 1162 2181 pule
1194 2142 1338 2179 meus,
1373 2128 1480 2181 quid
1507 2128 1591 2170 feci
1618 2127 1716 2176 tibi,
1750 2131 1824 2168 aut
1851 2126 1893 2166 in

1060 2197 1148 2236 quo
1170 2185 1427 2227 contristavi
1446 2183 1513 2226 te?
1537 2181 1759 2236 responde
1777 2182 1894 2223 mihi.

1058 2242 1115 2283 Et
1135 2247 1182 2283 tu
1200 2254 1281 2283 1116.
1310 2239 1463 2283 Gloria
1479 2240 1610 2282 Patri.
1638 2240 1690 2280 In
1709 2251 1808 2291 qua.

1279 2317 1330 2358 In
1350 2317 1423 2357 111.
1443 2317 1669 2358 Nocturno.

1112 2378 1213 2419 Ant.
1240 2378 1340 2420 Filii
1357 2380 1593 2422 hominum.

1332 2449 1531 2491 Psalmus
1551 2450 1618 2491 56.

1059 2518 1378 2572 fs‘vssffis‘glserere
1405 2515 1491 2556 11161
1517 2515 1655 2562 Deus,
1683 2514 1891 2554 miserere

1233 2571 1332 2611 mei:
1357 2571 1380 2596 *
1401 2571 1609 2622 quoniam
1627 2570 1671 2610 in
1689 2574 1733 2611 te
1758 2569 1890 2611 confi-

1203 2624 1206 2636 ⁵
1234 2625 1298 2668 dit
1318 2627 1460 2667 anima
1477 2639 1587 2668 mea.

1108 2683 1165 2723 Et
1183 2682 1227 2722 in
1245 2682 1400 2724 umbra
1417 2683 1585 2724 alarum
1602 2684 1777 2724 tuarum
1793 2693 1888 2733 spe-

1056 2737 1177 2788 rabo,
1196 2738 1219 2764 *
1240 2737 1383 2780 donec
1401 2740 1596 2780 transeat
1614 2737 1831 2789 iniquitas.
1877 2761 1880 2766 ι
