2040 2976
744 215 785 248 In
811 215 955 249 Octava
982 213 1167 256 Corporis
1193 211 1347 246 Christi.

204 324 318 363 ceps.
372 309 441 350 Sic
469 308 585 349 enim
613 306 823 348 efficimur
851 305 1024 347 Christi-

203 367 290 416 feri,
319 365 403 407 hoc
427 370 493 406 est
514 364 734 405 Christum
761 363 804 405 in
833 362 1024 415 corpori-

201 423 281 465 bus
308 422 469 464 nostris
498 421 700 470 ferentes,
734 433 832 461 cum
864 432 1024 472 corpus

201 480 289 530 ejus
318 484 361 520 et
389 478 641 530 sanguinem
669 477 713 517 in
733 475 929 518 membra
950 488 1023 516 no-

199 542 289 578 stra
308 536 554 589 recipimus:
582 535 645 576 sic
665 532 904 576 secundum
923 531 1022 574 bea-

198 598 290 634 tum
318 593 509 642 Petrum,
542 592 700 633 divinae
727 593 894 632 naturae
923 601 1022 630 con-

198 652 339 691 sortes
367 649 600 690 reddimur.

251 709 300 760 Rg.
328 706 513 758 Accepit
536 706 559 746 J
563 717 663 747 esus
684 704 879 759 calicem,
903 708 1021 756 post-

200 775 330 815 quam
358 762 564 811 coenavit‚
598 760 761 803 dicens:
794 760 878 801 Hic
911 759 1022 800 calix

198 832 360 861 novum
395 820 704 861 testamentum
739 821 805 858 est
840 816 883 856 in
922 828 1021 858 meo

199 876 422 927 sanguine:
461 878 482 901 *
512 875 611 916 Hoc
644 874 771 915 facite
803 873 846 913 in
880 885 1022 914 meam

199 932 669 974 commemorationem.
722 925 771 976 V.
810 929 1021 971 Memoria

198 1002 365 1031 memor
383 1002 470 1039 ero,
495 994 538 1030 et
560 987 756 1030 tabescet
778 987 821 1027 in
844 999 913 1028 me
934 986 1020 1027 ani-

197 1059 268 1087 ma
296 1059 404 1088 mea.
457 1046 557 1086 Hoc
584 1045 725 1086 facite.

500 1102 650 1144 Lectio
670 1102 722 1142 vi.

280 1158 354 1199 lim
374 1171 471 1200 cum
489 1159 513 1199 J
518 1157 653 1200 udaeis
673 1157 868 1199 Christus
888 1156 1021 1198 disse-

301 1228 415 1264 rens,
439 1216 534 1256 Nisi
556 1214 935 1262 manducaveritis,
961 1214 1021 1254 in-

200 1272 309 1323 quit,
347 1285 519 1313 carnem
550 1285 712 1321 meam,
749 1276 792 1312 et
824 1270 1020 1312 biberitis

196 1341 340 1370 meum
377 1329 649 1379 sanguinem,
686 1341 771 1369 non
805 1327 1020 1369 habebitis

197 1385 329 1426 vitam
362 1385 404 1426 in
440 1385 576 1427 vobis.
630 1385 738 1426 Cum
773 1391 918 1426 autem
950 1384 1021 1433 illi,

198 1453 295 1492 quae
316 1441 431 1483 dicta
455 1442 635 1492 fuerant,
658 1454 746 1483 non
770 1440 1022 1494 spiritaliter

197 1501 481 1550 accepissent,
501 1498 654 1539 offensi
673 1498 872 1539 abierunt
887 1504 1021 1539 retro:
1115 1488 1157 1514 ⁷³-

196 1554 409 1606 putabant
437 1555 549 1596 enim
578 1553 697 1606 quod
723 1567 799 1596 eos
825 1554 880 1596 ad
905 1568 1020 1595 man-

198 1609 421 1651 ducandas
437 1624 588 1652 carnes
604 1611 863 1652 hortaretur.
885 1611 1021 1653 Erant

198 1671 241 1707 et
262 1666 305 1706 in
329 1667 465 1708 veteri
485 1669 746 1709 testamento
767 1681 901 1720 panes
921 1680 1019 1720 pro-

197 1722 442 1774 positionis3
471 1736 621 1764 verum
649 1723 710 1764 illi
738 1737 837 1765 cum
862 1724 1022 1766 fuerint

197 1779 357 1820 veteris
377 1780 635 1828 testamenti,
654 1780 784 1822 finem
799 1782 882 1833 jam
902 1794 1020 1822 acce-

198 1836 364 1887 perunt.
410 1836 459 1876 In
484 1849 599 1878 novo
625 1850 730 1878 vero
757 1839 1020 1879 testamento

197 1891 322 1943 panis
346 1897 411 1933 est
435 1892 637 1943 coelestiS,
662 1899 705 1934 et
729 1893 840 1935 calix
864 1894 1020 1936 saluta-

198 1947 271 1995 ris,
298 1948 371 1999 qui
395 1955 438 1990 et
463 1949 649 1990 animam
673 1955 716 1991 et
743 1963 902 2003 corpus
927 1963 1020 1992 san-

198 2003 400 2045 ctificant.
426 2005 719 2054 Quamobrem
738 2019 824 2048 non
845 2007 907 2048 sic
925 2006 1021 2048 haec

198 2059 398 2101 attendas
424 2061 567 2110 velim,
593 2067 815 2114 tamquam
839 2063 924 2104 sint
947 2078 1020 2105 nu-

199 2115 280 2156 dus
313 2122 356 2157 et
387 2117 571 2169 simplex
603 2118 748 2170 panis,
781 2118 945 2161 nudum
978 2126 1021 2162 et

200 2171 384 2224 simplex
410 2173 570 2223 vinum:
597 2187 756 2227 eorpus
784 2175 896 2216 enim
922 2182 1039 2218 sunt¹

199 2233 243 2270 et
270 2229 444 2280 sanguis
473 2229 642 2271 Christi.
688 2231 801 2272 Nam
829 2232 958 2274 etiam
985 2234 1022 2274 si

199 2297 351 2326 sensus
387 2284 493 2327 illud
524 2286 603 2327 tibi
638 2288 874 2337 renuntiat,
910 2289 1020 2331 fides

198 2345 345 2382 tamen
380 2346 424 2383 te
462 2343 700 2384 confirmet.
753 2344 820 2385 Ne
856 2345 1020 2396 judices

199 2409 290 2438 rem
319 2410 372 2438 ex
399 2403 546 2448 gustu:
578 2399 656 2440 sed
682 2405 726 2440 te
755 2400 862 2441 citra
890 2401 1022 2443 ullam

200 2452 516 2495 dubitationem
535 2454 644 2496 fides
669 2461 834 2497 certum
855 2456 1021 2507 reddat,

201 2509 320 2561 quod
340 2510 399 2550 sis
420 2509 574 2560 dignus
594 2511 748 2561 factus,
776 2513 849 2564 qui
868 2516 1022 2566 corpo-

199 2565 258 2606 ris
287 2570 331 2607 et
358 2566 578 2617 sanguinis
608 2567 766 2608 Christi
800 2569 1022 2622 particeps

200 2622 339 2663 fieres.

254 2681 303 2733 R.
329 2678 424 2729 Ego
454 2691 548 2720 sum
574 2680 699 2731 panis
727 2680 847 2722 vitae:
876 2686 1023 2733 patres

201 2735 334 2776 vestri
373 2735 746 2778 manducaverunt
784 2750 942 2779 manna
980 2739 1023 2779 in

1077 303 1269 354 deserto,
1294 309 1338 346 et
1359 305 1521 346 mortui
1545 310 1658 348 sunt:
1684 306 1707 331 *
1727 307 1812 348 Hic
1835 312 1904 349 est

1076 361 1200 413 panis
1231 360 1285 402 de
1319 361 1432 402 coelo
1465 361 1757 414 descendens,
1788 368 1836 406 ut
1867 364 1904 405 si

1077 417 1173 469 quis
1194 429 1248 459 ex
1266 417 1365 469 ipso
1380 417 1626 469 manducet,
1643 432 1732 461 non
1746 420 1902 462 moria-

1075 479 1155 515 tur.
1193 471 1244 523 V.
1268 474 1364 525 Ego
1391 488 1486 516 sum
1512 476 1638 529 panis
1663 476 1803 527 vivus,
1830 476 1904 529 qui

1077 530 1131 572 de
1155 530 1269 573 coelo
1295 531 1518 574 descendi:
1546 533 1583 574 si
1607 533 1702 585 quis
1725 533 1902 575 mandu-

1076 587 1242 629 caverit
1262 600 1316 629 ex
1331 588 1416 630 hoc
1437 602 1561 642 pane,
1581 589 1699 631 vivet
1716 590 1760 631 in
1779 591 1903 632 aeter-

1075 657 1188 685 num.
1217 645 1313 687 Hic.
1343 645 1494 688 Gloria
1512 647 1641 689 Patri.
1669 647 1766 689 Hic.

1289 724 1338 763 In
1365 724 1436 763 ΙΙΙ.
1464 724 1688 763 Nocturno.

1080 783 1228 826 Lectio
1254 785 1392 826 sancti
1413 786 1638 838 Evangelii
1662 786 1903 829 secundum

1375 841 1401 882 J
1403 844 1601 885 oannem.

1127 900 1131 903 ’
1180 903 1332 944 Lectio
1354 903 1422 942 vii.
1604 901 1707 955 Cap.
1723 903 1760 943 6.
1776 903 1799 942 f.

1122 976 1149 1003 n
1174 962 1249 1004 illo
1274 965 1492 1017 tempore:
1519 965 1641 1007 Dixit
1664 965 1791 1008 Jesus
1815 970 1902 1008 tur-

1142 1019 1211 1061 bis
1231 1020 1255 1060 J
1258 1020 1502 1062 udaeorum:
1530 1022 1643 1064 Caro
1666 1035 1775 1072 mea,
1799 1028 1903 1065 vere

1074 1081 1142 1118 est
1159 1076 1296 1118 cibus:
1317 1082 1360 1119 et
1376 1078 1551 1129 sanguis
1566 1092 1701 1129 meus,
1718 1092 1822 1122 vere
1837 1085 1904 1122 est

1073 1139 1216 1185 potus.
1244 1134 1302 1176 Et
1321 1134 1500 1188 reliqua.

1102 1207 1295 1250 Homilia
1323 1209 1462 1251 sancti
1490 1209 1638 1262 Cyrilli
1665 1210 1878 1264 Episcopi

1339 1266 1637 1308 Alexandrini.

1179 1325 1260 1360 Lib.
1284 1325 1313 1359 4.
1340 1325 1378 1358 in
1402 1324 1610 1366 Joannem,
1636 1333 1718 1367 cap.
1744 1322 1794 1358 17.

1084 1381 1247 1435 ‘gn-J&
1272 1378 1518 1429 manducat,
1545 1379 1698 1432 inquit,
1726 1393 1902 1422 carnem

1110 1427 1163 1478 'tue
1187 1483 1192 1491 Δ
1219 1448 1381 1485 meam,
1419 1441 1463 1477 et
1498 1435 1610 1478 bibit
1646 1436 1902 1488 sanguinem

1175 1493 1191 1507 '⁷‘
1220 1505 1376 1542 meum,
1402 1493 1446 1533 in
1470 1506 1540 1534 me
1564 1499 1723 1543 manet,
1749 1499 1794 1535 et
1819 1506 1900 1546 ego

1073 1548 1116 1589 in
1142 1548 1229 1590 illo.
1273 1549 1409 1591 Sicuti
1437 1550 1551 1591 enim
1580 1550 1617 1591 si
1644 1550 1742 1602 quis
1766 1549 1900 1603 lique-

1074 1605 1202 1647 factae
1226 1618 1340 1647 cerae
1365 1606 1494 1647 aliam
1517 1619 1662 1648 ceram
1682 1606 1901 1657 infuderit,

1075 1662 1257 1704 alteram
1274 1675 1373 1704 cum
1387 1662 1525 1705 altera
1539 1676 1619 1716 per
1634 1668 1778 1705 totum
1792 1676 1902 1705 com-

1073 1722 1256 1762 misceat
1286 1722 1467 1762 necesse
1500 1726 1586 1762 est:
1618 1721 1681 1762 sic
1710 1720 1784 1772 qui
1811 1733 1902 1762 car-

1075 1790 1175 1818 nem
1199 1781 1242 1818 et
1265 1778 1520 1828 sanguinem
1538 1777 1716 1818 Domini
1735 1777 1902 1830 recipit,

1077 1846 1175 1875 cum
1198 1833 1296 1886 ipso
1320 1834 1380 1875 ita
1404 1834 1690 1886 conjungitur,
1713 1838 1761 1875 ut
1785 1833 1903 1874 Chri-

1075 1895 1167 1932 stus
1191 1890 1234 1931 in
1258 1890 1368 1943 ipso,
1395 1895 1439 1932 et
1461 1890 1556 1943 ipse
1579 1891 1623 1931 in
1646 1890 1818 1932 Christo
1842 1889 1902 1930 in-

1074 1947 1284 1988 veniatur.
1346 1946 1484 1988 Simili
1531 1946 1723 2000 quodam
1766 1945 1902 1988 modo

1074 2002 1192 2056 apud
1207 2003 1464 2044 Matthaeum
1480 2003 1734 2056 comperies.
1755 2002 1902 2045 Simile

1074 2065 1157 2109 est,
1185 2059 1342 2112 inquit,
1370 2073 1552 2111 regnum
1581 2059 1794 2102 coelorum
1821 2059 1901 2101 fer-

1073 2118 1238 2166 mento,
1267 2115 1387 2169 quod
1413 2118 1643 2169 acceptum
1671 2115 1903 2158 abscondit

1074 2172 1229 2215 mulier
1247 2173 1291 2214 in
1308 2174 1458 2215 farinae
1479 2173 1584 2214 satis
1603 2172 1754 2214 tribus.
1781 2173 1902 2214 Sicut

1073 2243 1239 2282 parum,
1263 2236 1312 2271 ut
1332 2229 1494 2271 Paulus
1519 2230 1588 2279 ait,
1613 2229 1813 2271 fermenti
1835 2234 1900 2271 to-

1073 2292 1163 2327 tam
1177 2300 1366 2328 massam
1381 2286 1626 2328 fermentat:
1642 2287 1704 2328 810
1718 2285 1901 2340 parvula

1073 2342 1322 2385 benedictio
1350 2348 1492 2384 toturn
1519 2343 1739 2385 hominem
1765 2343 1809 2384 in
1837 2355 1900 2384 se-

1074 2402 1214 2452 ipsam
1229 2399 1418 2448 attrahit,
1439 2405 1483 2442 et
1498 2413 1576 2441 sua
1591 2400 1730 2451 gratia
1744 2399 1901 2452 replet:

1075 2460 1117 2497 et
1135 2456 1222 2498 hoc
1239 2455 1373 2497 modo
1394 2456 1438 2496 in
1456 2456 1584 2498 nobis
1601 2456 1798 2498 Christus
1813 2467 1900 2497 ma-

1074 2517 1158 2561 net,
1178 2518 1221 2554 et
1239 2525 1321 2554 nos
1339 2513 1382 2553 in
1404 2512 1591 2555 Christo.

1129 2575 1179 2627 R.
1201 2573 1285 2623 Qui
1302 2573 1539 2616 manducat
1555 2586 1699 2615 meam
1714 2585 1902 2622 carnem,

1075 2634 1118 2670 et
1136 2628 1248 2671 bibit
1266 2642 1411 2671 meum
1432 2629 1701 2681 sanguinem,
1723 2631 1746 2655 *
1762 2629 1813 2670 In
1830 2641 1901 2670 me

1075 2691 1237 2734 manet,
1270 2691 1313 2727 et
1337 2698 1419 2737 ego
1444 2686 1488 2726 in
1513 2698 1578 2727 eo.
1628 2682 1678 2733 V.
1709 2685 1811 2727 Non
1834 2690 1901 2742 est

1076 2739 1159 2785 alia
1191 2742 1310 2784 natio
1343 2747 1434 2784 tam
1465 2741 1657 2794 grandis,
1695 2754 1794 2794 quae
1824 2741 1899 2788 ha-
