2040 2976
729 241 939 275 Commune
967 241 1254 284 Apostolorum.

1781 242 1850 288 [17]
1899 239 1901 290 ζ

132 338 327 376 vestrum
344 339 571 388 tamquam
588 337 761 387 malum,
779 342 964 390 propter

131 389 290 431 Filium
308 390 509 434 heminis.
535 393 746 435 Gaudete.

435 451 586 492 Lectio
608 453 660 492 vi.
845 490 854 494 -

218 511 236 548 t
253 507 355 549 ideo
377 508 478 560 quia
500 509 693 562 undique
713 513 883 552 venitur
907 511 963 552 ad

234 563 530 615 judicandum,
568 565 802 608 duedecim
834 568 963 609 sedes

133 624 248 660 sunt:
285 620 398 662 sicut
427 621 528 673 quia
554 622 749 675 undique
776 624 962 665 intratur

131 675 308 716 inillam
324 677 556 728 civitatem,
571 678 806 721 duedecim
819 685 962 733 portae

133 736 243 773 sunt.
259 732 361 774 Non
376 733 519 775 solum
535 747 638 786 ergo
653 735 714 776 illi
729 735 963 778 duedecim

132 792 177 829 et
194 789 437 841 Apestolus
452 790 625 841 Paulus,
645 791 725 834 sed
745 797 964 845 quotquot

131 843 364 895 judicaturi
387 851 503 897 sunt,
540 854 726 901 propter
750 849 963 901 significa-

131 900 299 942 tienem
313 902 612 945 universitatis
631 904 688 947 ad
709 905 838 947 sedes
858 905 963 947 due-

134 955 276 998 decim
311 959 550 1011 pertinent:
591 961 964 1013 quemadmodum

134 1018 354 1066 quotquot
376 1015 619 1067 intrabunt,
647 1017 704 1059 ad
729 1018 964 1060 duedecim

131 1073 285 1121 portas
299 1071 531 1123 pertinent.
544 1073 699 1116 Partes
715 1075 830 1116 enim
843 1090 963 1117 mun-

133 1124 179 1167 di
197 1128 386 1178 quatuor
406 1133 517 1179 sunt,
541 1129 710 1181 Oriens,
735 1131 964 1182 Occidens,

132 1182 296 1234 Aquilo
322 1188 367 1225 et
388 1184 607 1227 Meridies.
645 1188 749 1229 Istae
776 1190 964 1240 quatuor

132 1243 282 1290 partes
301 1240 478 1282 assidue
497 1242 777 1285 nominantur
796 1245 840 1285 in
854 1245 963 1286 Scri-

132 1294 285 1347 pturis.
299 1295 370 1338 Ab
381 1297 476 1338 istis
489 1300 678 1351 quatuor
689 1301 841 1351 ventis,
853 1302 965 1343 sicut

133 1350 241 1393 dicit
254 1352 471 1395 Deminus
490 1355 535 1395 in
547 1355 798 1409 Evangelio,
820 1370 846 1398 a
862 1360 964 1410 qua-

133 1411 234 1448 tuor
252 1409 394 1450 ventis
419 1423 466 1451 se
486 1411 774 1454 collecturum
798 1414 964 1456 electos

133 1476 251 1505 suos:
266 1464 322 1506 ab
334 1466 536 1508 emnibus
548 1481 653 1519 ergo
667 1469 763 1511 istis
776 1473 965 1523 quatuor

132 1520 274 1562 ventis
293 1524 479 1564 vocatur
492 1524 702 1566 Ecclesia.
730 1527 964 1576 Quomodo

132 1576 341 1618 vocatur?
369 1579 575 1633 Undique
592 1581 637 1622 in
656 1582 872 1625 Trinitate
890 1597 964 1626 vo-

133 1634 268 1674 catur.
296 1634 398 1676 Non
418 1638 601 1678 vocatur
619 1638 704 1679 nisi
724 1652 804 1691 per
823 1639 963 1693 bapti-

133 1701 275 1730 smum
292 1690 337 1731 in
354 1693 530 1734 nemine
548 1694 703 1745 Patris,
728 1700 772 1737 et
790 1696 899 1746 Filii,
920 1702 964 1738 et

131 1745 319 1798 Spiritus
345 1749 493 1790 sancti.
535 1750 734 1800 Quatuor
762 1765 868 1804 ergo
896 1758 964 1795 ter

133 1800 266 1844 dueta
285 1802 520 1847 duodecim
540 1806 830 1850 inveniuntur.

186 1865 237 1918 R,
261 1859 343 1901 Isti
360 1866 462 1903 sunt
475 1862 836 1916 triumphatores.
864 1865 946 1918 [10]

345 1941 395 1980 In
421 1942 493 1981 ΠΙ.
521 1943 744 1984 Nocturno.

132 1998 289 2041 Lectio
314 2001 454 2041 sancti
471 2001 698 2053 Evangelii
722 2004 964 2045 secundum

411 2057 682 2100 Matthaeum.

236 2120 388 2162 Lectio
410 2123 478 2163 vii.
628 2126 730 2178 Cap.
746 2128 804 2167 19.
820 2127 858 2168 d.

181 2190 210 2217 n
233 2176 308 2218 illo
333 2179 547 2230 tempore:
581 2179 704 2222 Dixit
727 2181 884 2223 Petrus
908 2181 966 2223 ad

206 2233 232 2273 J
235 2245 372 2274 esum:
399 2234 515 2276 Ecce
539 2248 620 2277 nos
645 2236 900 2289 reliquimus
921 2239 964 2278 ό-

134 2289 262 2339 mnia,
278 2293 322 2330 et
339 2290 479 2332 secuti
493 2304 643 2333 sumus
657 2297 717 2334 te:
737 2293 843 2346 quid
858 2306 964 2345 ergo

136 2344 218 2385 erit
235 2344 386 2386 nobis?
414 2346 471 2387 Et
490 2347 669 2400 reliqua.

235 2413 430 2457 Homilia
447 2415 709 2458 venerabilis
727 2418 864 2460 Bedae

416 2470 682 2523 Presbyteri.

220 2532 393 2569 Homilia
409 2536 449 2569 in
465 2536 596 2572 Natali
611 2536 647 2571 S.
664 2538 874 2573 Benedicti.

144 2587 218 2634 52²5
230 2582 440 2623 erfectus
471 2583 543 2625 ille
578 2590 663 2634 est,
709 2587 782 2637 qui
815 2586 966 2628 abiens

144 2662 148 2664 v
179 2664 241 2704 y
272 2637 424 2680 vendit
447 2640 593 2680 omnia
618 2653 716 2693 quae
740 2641 889 2692 habet,
923 2649 967 2685 et

178 2683 245 2716 -’
277 2693 353 2735 dat
379 2695 663 2747 pauperibus,
701 2710 752 2738 ac
776 2699 966 2750 veniens,

134 2750 333 2801 sequitur
366 2750 602 2793 Christum:
638 2752 818 2795 habebit
851 2756 966 2797 enim

195 2890 261 2915 Pars
277 2891 385 2916 AEstiva.

1015 336 1271 378 thesaurum
1293 349 1380 378 non
1400 337 1677 379 deficientem
1700 337 1745 378 in
1765 350 1850 378 coe·
1898 344 1900 374 j

1015 393 1080 434 lis.
1113 392 1241 434 Unde
1261 393 1374 435 bene
1392 393 1691 446 interrogante
1705 394 1850 443 Petro,

1017 449 1127 490 dixit
1145 449 1308 491 talibus
1323 450 1348 490 J
1351 463 1466 491 esus:
1492 451 1636 492 Amen
1656 450 1756 492 dico
1775 463 1850 491 vo-

1016 505 1100 555 bis,
1132 505 1252 558 quod
1275 519 1355 547 vos
1381 506 1457 558 qui
1480 507 1621 548 secuti.
1641 507 1745 548 estis
1769 519 1850 556 me,

1015 562 1060 602 in
1084 562 1433 613 regeneratiene,
1470 576 1570 604 cum
1595 563 1759 604 sederit
1783 564 1850 603 Fi-

1015 617 1100 659 lius
1115 618 1305 659 heminis
1320 619 1364 659 in
1375 619 1481 661 sede
1495 620 1736 671 majestatis
1748 633 1851 669 suae,

1018 674 1228 716 sedebitis
1254 680 1298 716 et
1322 688 1403 716 vos
1430 689 1563 728 super
1588 676 1717 718 sedes
1745 676 1850 717 due·
1900 730 1903 732 v

1017 731 1172 782 decim,
1192 731 1434 783 judicantes
1455 731 1692 774 duodecim
1710 732 1851 774 tribus

1016 788 1166 828 Israel.
1198 788 1250 828 In
1269 788 1352 829 hac
1371 789 1535 841 quippe
1550 789 1642 830 vita
1659 802 1743 841 pro
1760 790 1851 841 ejus

1016 845 1193 885 nemine
1212 844 1482 895 laborantes,
1510 846 1554 886 in
1574 845 1660 886 alia
1678 846 1850 898 praemi-

1016 914 1091 941 um
1111 902 1293 953 sperare
1313 900 1478 943 decuit:
1502 901 1549 943 id
1568 906 1646 952 est,
1667 902 1711 942 in
1730 915 1849 954 rege-

1016 958 1259 1008 neratione,
1290 970 1391 999 cum
1415 958 1622 1000 videlicet
1645 958 1690 999 in
1714 958 1851 1000 vitam

1016 1013 1310 1055 immortalem
1338 1014 1549 1056 fuerimus
1578 1014 1850 1066 resurgendo

1017 1071 1279 1121 regenerati,
1310 1071 1384 1123 qui
1407 1071 1452 1111 in
1475 1072 1612 1113 vitam
1637 1071 1851 1113 caducam
1900 1100 1904 1119 -,

1015 1126 1263 1168 mortaliter
1282 1129 1456 1169 eramus
1475 1128 1621 1180 geniti.

1070 1188 1120 1238 Rg.
1133 1184 1213 1224 Isti
1228 1189 1330 1225 sunt
1346 1185 1422 1237 qui
1435 1185 1634 1226 viventes
1649 1185 1693 1225 in
1709 1197 1850 1234 carne,
1902 1236 1903 1239 Ἴ

1016 1239 1326 1291 plantaverunt
1357 1241 1602 1282 Ecclesiam
1639 1242 1851 1293 sanguine

1017 1309 1113 1337 suo:
1131 1300 1153 1322 *
1169 1296 1363 1338 Calicem
1376 1298 1557 1338 Demini
1571 1297 1786 1348 biberunt,
1808 1302 1852 1339 et

1017 1352 1146 1393 amici
1164 1353 1248 1394 Dei
1267 1353 1372 1395 facti
1391 1359 1502 1395 sunt.
1536 1354 1583 1404 Υ.
1603 1355 1655 1395 In
1675 1367 1851 1396 omnem

1016 1413 1180 1449 terram
1206 1410 1341 1451 exivit
1370 1423 1505 1452 sonus
1533 1413 1702 1460 cerum,
1737 1415 1782 1452 et
1806 1411 1851 1451 in

1016 1465 1127 1506 fines
1174 1465 1293 1507 orbis
1335 1471 1466 1508 terrae
1508 1467 1644 1509 verba
1685 1470 1851 1509 eerum.
1902 1514 1903 1517 Ἴ

1018 1521 1219 1563 Calicem.

1306 1578 1459 1617 Lectio
1482 1578 1564 1617 viii.
1902 1634 1903 1637 Ἰ

1018 1629 1097 1735 Ε
1107 1639 1125 1675 t
1138 1635 1252 1687 justa
1265 1648 1449 1688 prorsus
1464 1638 1707 1689 retributio,
1718 1644 1766 1680 ut
1778 1639 1852 1692 qui

1119 1690 1190 1732 hic
1218 1704 1300 1744 pro
1327 1692 1502 1735 Christo
1530 1694 1734 1736 humanae
1759 1696 1850 1746 gle-

1015 1747 1125 1787 riam
1144 1747 1415 1790 celsitudinis
1438 1750 1736 1802 neglexerunt,
1763 1752 1851 1794 illic
1901 1755 1903 1759 ⁴

1016 1815 1041 1843 a
1062 1802 1236 1845 Christo
1259 1805 1424 1857 judices
1449 1807 1683 1857 glorificati
1708 1809 1850 1859 singu-

1014 1858 1165 1901 lariter
1185 1873 1286 1902 cum
1306 1874 1359 1903 eo
1379 1862 1617 1913 assideant,
1648 1865 1722 1916 qui
1741 1878 1767 1906 a
1786 1878 1850 1906 se-

1017 1916 1201 1968 quendis
1221 1918 1312 1969 ejus
1328 1919 1524 1970 vestigiis
1543 1920 1662 1961 nulla
1680 1921 1851 1963 ratiene

1015 1974 1223 2024 peterant
1235 1973 1375 2014 avelli.
1389 1975 1534 2017 Nemo
1550 1982 1698 2018 autem
1712 1982 1850 2030 putet,

1016 2027 1252 2070 duedecim
1270 2034 1442 2072 tantum
1461 2032 1718 2084 Apestolos,
1749 2034 1851 2086 quia

1014 2097 1097 2136 pro
1110 2084 1135 2125 J
1136 2084 1224 2126 uda
1234 2087 1554 2138 praevaricante
1564 2089 1753 2131 Mathias
1767 2090 1849 2132 ele-

1017 2145 1114 2181 ctus
1126 2146 1203 2191 est,
1214 2147 1318 2184 tunc
1329 2151 1426 2184 esse
1441 2143 1726 2196 judicaturos:
1738 2147 1851 2188 sicut

1015 2210 1098 2238 nec
1117 2196 1352 2240 duedecim
1376 2199 1484 2241 solae
1509 2206 1611 2243 sunt
1628 2202 1770 2244 tribus
1789 2204 1850 2244 Is-

1016 2253 1108 2294 rael
1151 2253 1416 2305 judicandae:
1469 2257 1664 2310 aliequin
1710 2259 1851 2301 tribus

1015 2309 1134 2359 Levi,
1156 2323 1254 2362 quae
1274 2311 1577 2355 tertiadecima
1596 2319 1673 2365 est,
1701 2315 1850 2368 injudi-

1017 2367 1116 2406 cata
1134 2366 1322 2408 recedet.

1072 2424 1123 2474 R.
1142 2422 1223 2463 Isti
1241 2428 1343 2466 sunt
1362 2425 1444 2466 viri
1463 2427 1613 2478 sancti,
1635 2441 1746 2480 quos
1766 2428 1850 2470 ele-

1016 2477 1080 2527 git
1102 2478 1318 2521 Deminus
1346 2481 1390 2522 in
1417 2483 1600 2525 caritate
1622 2497 1712 2525 non
1734 2484 1849 2534 ficta,

1017 2539 1061 2575 et
1080 2533 1203 2576 dedit
1221 2535 1306 2577 illis
1319 2537 1507 2588 gleriam
1522 2541 1850 2593 sempiternam:

1018 2596 1041 2619 *
1057 2590 1255 2640 Quorum
1270 2591 1471 2636 doctrina
1486 2595 1625 2646 fulget
1639 2596 1850 2645 Ecclesia,

1016 2650 1065 2687 ut
1088 2647 1182 2688 sole
1207 2648 1320 2690 luna.
1357 2651 1405 2699 V.
1433 2651 1581 2693 Sancti
1609 2665 1690 2704 per
1715 2651 1850 2692 fidem

1016 2702 1215 2745 vicerunt
1238 2717 1388 2756 regna:
1416 2708 1587 2759 operati
1611 2712 1712 2748 sunt
1734 2708 1849 2759 justi-

1017 2758 1133 2800 tiam.
1162 2760 1370 2809 Quorum.
1397 2762 1563 2805 Gleria.
1591 2764 1799 2814 Quorum.

1591 2893 1619 2925 B
