2040 2976
739 245 978 288 Praeparatio
1005 245 1054 279 ad
1078 246 1245 279 Missam.

1750 243 1846 288 [369]

133 341 236 384 ficis,
268 344 306 376 et
328 350 538 384 numquam
561 340 601 374 in
623 344 661 375 te
685 340 832 374 deficis:
866 340 965 374 com-

135 390 225 425 edat
247 394 285 425 te
309 400 377 425 eor
398 400 541 433 meum,
566 394 603 424 et
626 389 829 424 dulcedine
853 390 965 432 sapo-

133 440 187 474 ris
211 440 269 475 tui
290 439 513 484 repleantur
532 439 683 474 viscera
703 439 842 473 animae
857 448 964 473 meae.

133 490 342 525 Mandacat
364 494 402 525 te
418 489 594 533 Angelus
618 499 684 524 ore
704 489 836 533 pleno:
861 499 965 523 man-

136 541 250 576 ducet
272 544 310 576 te
328 540 561 585 peregrinus
583 539 700 574 homo
717 549 788 582 pro
806 539 964 573 modulo

135 601 218 635 suo,
241 600 290 625 ne
314 590 480 625 deficere
501 590 629 633 possit
652 589 692 623 in
712 589 793 631 via,
817 588 886 623 tali
909 599 965 623 re-

135 643 286 676 creatus
317 641 473 676 viatico.
519 639 638 674 Panis
671 643 819 681 sancte,
850 639 965 682 panis

133 691 235 735 Vive,
258 690 374 735 panis
390 689 543 732 munde,
569 689 636 733 qui
660 688 897 723 descendisti
918 688 965 722 de

137 741 248 784 coelo,
273 744 310 775 et
326 740 397 775 das
415 739 537 775 vitam
552 738 709 781 mundo,
731 737 822 772 veni
838 738 878 772 in
900 748 966 772 cor

134 801 278 835 meum,
314 794 351 825 et
381 790 525 825 munda
553 799 613 824 me
640 789 688 823 ab
713 788 818 823 omni
842 788 966 831 inqui-

134 842 314 876 namento
345 840 472 875 carnis
506 844 543 874 et
574 839 743 883 spiritus.
790 838 896 872 Intra
926 838 965 872 in

136 891 303 926 animam
325 901 461 932 meam,
486 900 582 924 sana
606 893 643 923 et
663 888 807 922 munda
830 898 889 922 me
912 888 966 921 in-

135 941 254 976 terius
287 945 325 976 et
356 940 536 975 exterius.
582 939 677 973 Esto
711 940 896 981 tutamen,
929 942 966 972 et

135 991 317 1026 continua
340 990 446 1025 salus
471 990 610 1024 animae
632 993 669 1023 et
689 988 863 1032 corporis
880 988 965 1022 mei.

134 1041 293 1085 Repelle
318 1051 340 1075 a
363 1051 423 1075 me
448 1039 679 1074 insidiantes
700 1038 796 1072 mihi
816 1038 965 1072 hostes:

135 1091 316 1126 recedant
342 1090 480 1135 procul
504 1100 526 1124 a
550 1089 759 1134 praesentia
782 1088 967 1131 potentiae

135 1145 229 1185 tuae,
260 1145 303 1176 ut
326 1141 421 1176 foris
446 1144 483 1175 et
507 1140 611 1174 intus
635 1149 705 1182 per
727 1142 763 1173 te
788 1139 967 1181 munitus,

136 1196 242 1227 recto
266 1191 417 1226 tramite
442 1190 493 1225 ad
519 1194 627 1224 tuum
651 1199 811 1232 regnum
834 1189 967 1232 perve-

136 1242 256 1277 niam:
286 1242 353 1277 ubi
382 1251 461 1276 non
491 1240 531 1275 in
561 1239 773 1284 mysteriis,
806 1238 905 1273 sicut
929 1238 968 1271 in

136 1292 212 1327 hoc
233 1293 405 1336 tempore
430 1291 574 1334 agitur,
609 1289 679 1324 sed
708 1289 805 1323 facie
836 1288 886 1322 ad
915 1288 968 1322 fa-

138 1343 236 1377 ciem
259 1346 296 1377 te
317 1341 549 1384 videbimus,
573 1350 659 1374 cum
682 1338 888 1374 tradideris
912 1348 968 1372 re-

137 1402 256 1436 gnum
270 1391 354 1427 Deo
373 1395 409 1426 et
425 1390 542 1434 Patri,
566 1393 603 1424 et
624 1389 700 1424 eris
716 1388 822 1423 Deus
840 1387 965 1422 omnia

138 1443 178 1477 in
201 1442 391 1478 omnibus.
433 1441 542 1476 Tune
567 1440 668 1475 enim
692 1449 751 1473 me
777 1438 824 1472 de
848 1442 884 1472 te
910 1447 968 1471 sa-

137 1493 255 1528 tiabis
273 1492 450 1528 satietate
467 1491 643 1533 mirifica,
667 1490 721 1524 ita
738 1493 780 1524 ut
796 1499 867 1522 nec
885 1489 969 1522 esli-

138 1544 250 1587 riam,
274 1553 346 1578 nec
362 1542 490 1577 sitiam
506 1541 546 1575 in
563 1541 756 1575 aeternum.
792 1538 866 1579 Qui
883 1548 969 1572 cum

140 1594 276 1629 eodem
312 1593 397 1628 Deo
432 1591 546 1626 Patre
582 1594 618 1625 et
651 1589 797 1633 Spiritu
834 1591 968 1622 sancto

138 1644 243 1679 vivis
261 1647 298 1678 et
313 1652 469 1687 regnaS,
493 1651 563 1686 per
586 1639 714 1675 omnia
736 1638 879 1672 sa'ecula
900 1647 969 1672 sae—

140 1695 323 1730 culorum.
367 1693 503 1728 Amen.

260 1811 357 1851 Alia
381 1810 526 1851 Oratio
549 1809 649 1848 ante
670 1807 852 1847 Missam.

405 1872 513 1905 Indulg.
530 1872 580 1897 100
594 1871 710 1897 dierum.

330 1917 389 1944 Leo
404 1917 460 1942 ΡΙ).
476 1916 554 1941 ΧΙΙΙ.
571 1915 611 1940 20.
628 1914 694 1939 Dec.
711 1913 784 1939 1884.

193 1963 219 1998 d
251 1973 426 1998 mensam
460 1959 676 1996 dulcissimi
705 1957 876 1993 convivii
904 1957 970 1999 tui,

209 2013 274 2056 pie
294 2012 459 2048 Domine
475 2011 571 2046 Jesu
596 2009 761 2051 Christe,
787 2017 859 2051 ego
883 2017 970 2050 pec-

141 2065 248 2098 cator
280 2062 327 2097 de
361 2061 533 2106 propriis
567 2060 663 2095 meis
695 2058 841 2093 meritis
872 2056 970 2090 nihil

139 2114 397 2156 praesstmens,
422 2111 492 2146 sed
516 2110 564 2145 de
588 2114 654 2144 tua
677 2107 877 2144 confidens
901 2106 968 2140 mi-

141 2162 354 2197 sericordia
371 2166 408 2197 et
423 2161 608 2204 bonitate,
625 2159 808 2194 accedere
822 2158 969 2198 vereor,

141 2216 179 2246 et
213 2212 478 2259 contremisco.
527 2210 629 2245 Nam
662 2219 728 2243 cor
761 2211 798 2242 et
828 2215 970 2249 corpus

140 2262 267 2297 habeo
301 2261 433 2296 multis
470 2260 695 2296 criminibus
727 2257 971 2298 maculatum,

141 2316 320 2353 mentem,
352 2315 389 2347 et
411 2312 586 2355 linguam
607 2320 687 2344 non
711 2311 821 2343 caute
846 2309 971 2341 custo-

143 2362 270 2396 ditam.
316 2361 431 2405 Ergo,
456 2371 478 2395 ο
503 2360 570 2404 pia
590 2358 739 2401 Deitas,
765 2367 787 2392 o
811 2356 971 2391 tremen-

143 2412 194 2446 da
207 2412 405 2456 Majestas,
430 2420 502 2454 ego
521 2409 639 2444 miser
655 2408 754 2442 inter
772 2404 971 2450 angustias

143 2462 423 2506 deprehensus,
454 2461 505 2496 ad
528 2464 565 2495 te
590 2460 735 2494 fontem
757 2455 972 2491 misericor-

144 2513 221 2547 diae
243 2514 418 2555 recurro,
455 2511 505 2546 ad
533 2514 570 2545 te
599 2509 739 2544 festino
764 2505 971 2546 sanandus,

144 2563 216 2597 sub
239 2566 346 2596 tuam
364 2560 644 2605 protectionem
659 2557 781 2601 fagio:
807 2559 844 2590 et
859 2564 973 2598 quem

143 2611 322 2646 Jfidicem
343 2611 532 2645 sustinere
548 2610 708 2652 nequeo,
733 2605 973 2641 Salvatorem

144 2661 287 2695 habere
312 2660 477 2704 suspiro.
531 2658 621 2692 Tibi
644 2655 808 2691 Domine
833 2653 972 2697 plagas

144 2721 251 2745 meas
268 2710 447 2745 ostendo:
471 2708 543 2743 tibi
559 2704 833 2742 vereciindiam
848 2711 973 2736 meam

145 2761 294 2804 detego.
323 2759 412 2795 Scio
430 2759 591 2802 peccata
606 2765 691 2790 mea
706 2754 827 2788 multa
843 2756 880 2786 et
894 2761 972 2785 ma-

300 2893 365 2918 Pars
381 2891 489 2916 AEsdva.

1019 349 1108 383 gna,
1132 351 1203 384 pro
1229 341 1370 385 quibus
1394 343 1519 377 timeo.
1566 343 1687 386 Spero
1713 343 1752 376 in
1776 341 1845 375 mi-

1020 390 1252 425 sericordias
1276 395 1380 435 tuas,
1410 402 1572 436 quarum
1594 402 1673 426 non
1697 396 1755 427 est
1778 393 1845 426 1111-

1018 450 1156 474 merus.
1188 441 1353 485 Respice
1378 450 1469 485 ergo
1495 442 1534 476 in
1557 453 1617 477 me
1637 442 1761 477 oculis
1776 441 1846 475 mi-

1020 489 1243 524 sericordiae
1267 494 1359 534 tuae,
1383 491 1546 526 Domine
1568 491 1664 526 Jesu
1681 491 1845 532 Christe,

1019 539 1103 573 Rex
1120 541 1270 583 aeterne,
1294 540 1400 575 Deus
1424 544 1461 575 et
1483 540 1611 583 homo,
1635 541 1843 575 crucifixus

1019 593 1179 633 propter
1202 590 1405 625 hominem.
1443 590 1596 624 Exai‘idi
1612 601 1672 625 me
1690 592 1845 634 speran-

1019 643 1096 673 tem
1120 639 1159 673 in
1183 643 1234 674 te:
1258 639 1439 674 miserere
1459 640 1534 674 mei
1553 640 1659 683 pleni
1678 639 1846 674 miseriis

1020 693 1058 723 et
1073 689 1260 733 peccatis,
1283 693 1324 723 tu
1344 689 1410 733 qui
1426 690 1570 724 fontem
1586 688 1846 724 miserationis

1019 749 1229 782 numquam
1247 741 1401 773 manare
1423 738 1604 773 cessabis.
1638 738 1764 780 Salve,
1789 748 1847 771 sa-

1019 789 1156 824 lutaris
1175 789 1341 831 victima,
1365 798 1436 832 pro
1460 799 1520 822 me
1538 792 1575 822 et
1591 788 1695 822 omni
1714 788 1846 822 huma-

1019 845 1071 874 no
1103 840 1241 883 genere
1270 839 1310 873 in
1339 838 1513 882 patibulo
1539 838 1673 873 Crucis
1707 838 1846 872 oblata.

1020 889 1152 932 Salve,
1180 889 1324 923 nobilis
1354 893 1390 923 et
1413 888 1582 932 pretiose
1606 887 1772 931 Sanguis
1798 887 1845 921 de

1020 939 1246 975 vulneribus
1275 938 1451 973 crucifixi
1474 938 1630 973 Domini
1653 938 1728 971 mei
1751 937 1847 972 Jesu

1022 989 1167 1024 Christi
1201 989 1412 1032 profluens,
1462 993 1499 1022 et
1538 989 1696 1031 peccata
1730 987 1847 1022 totius

1020 1039 1154 1073 mundi
1195 1039 1366 1073 abluens.
1423 1037 1641 1072 Recordare
1683 1037 1846 1071 Domine

1021 1091 1207 1124 creatarae
1245 1093 1337 1131 tuae,
1394 1098 1510 1131 quam
1548 1091 1614 1121 tuo
1654 1086 1847 1130 Sanguine

1020 1139 1226 1174 redemisti.
1272 1139 1438 1173 Po'enitet
1466 1148 1525 1171 me
1553 1139 1753 1180 peccasse,
1787 1138 1848 1171 cii-

1020 1191 1087 1234 pi0
1117 1189 1320 1224 emendare
1351 1188 1456 1232 quod
1482 1187 1565 1222 feci.
1610 1187 1732 1221 Aufer
1756 1196 1847 1229 ergo

1022 1251 1044 1274 a
1060 1251 1135 1283 me,
1158 1239 1452 1274 clementissime
1470 1238 1598 1279 Pater,
1623 1247 1755 1271 omnes
1778 1236 1847 1270 ini-

1022 1290 1188 1334 quitates
1217 1293 1254 1324 et
1281 1290 1440 1332 peccata
1469 1297 1569 1321 mea:
1603 1290 1644 1320 ut
1671 1285 1847 1329 purifica-

1022 1344 1083 1375 tus
1107 1343 1232 1374 mente
1257 1343 1294 1373 et
1317 1339 1478 1381 corpore
1503 1337 1618 1379 digne
1644 1335 1847 1378 degustare

1021 1392 1169 1425 merear
1185 1389 1325 1424 Sancta
1345 1388 1586 1423 Sanctorum:
1612 1390 1648 1420 et
1670 1385 1848 1427 concede,

1021 1445 1063 1475 ut
1085 1437 1170 1474 haec
1195 1443 1328 1474 sancta
1356 1436 1576 1482 praelibatio
1602 1435 1786 1478 Corporis
1812 1438 1848 1468 et

1023 1490 1230 1534 Sanguinis
1251 1489 1322 1532 tui,
1347 1498 1462 1532 quam
1487 1497 1558 1530 ego
1583 1485 1763 1529 indignus
1788 1486 1848 1519 sii-

1021 1551 1124 1575 mere
1141 1539 1314 1582 intendo,
1339 1539 1389 1573 sit
1411 1538 1657 1582 peccatorum
1678 1535 1848 1569 meorum

1022 1591 1214 1633 remissio,
1244 1589 1294 1624 sit
1318 1588 1546 1623 delictorum
1568 1585 1737 1629 perfecta
1760 1594 1848 1628 pur-

1023 1642 1144 1685 gatio,
1178 1641 1227 1675 sit
1255 1639 1425 1683 tarpium
1454 1635 1731 1680 cogitatienum
1759 1634 1849 1668 effu—

1023 1692 1143 1735 gatio,
1169 1688 1213 1725 ac
1236 1689 1427 1725 bonerum
1450 1687 1631 1721 sensuum
1651 1684 1849 1727 regenera-

1023 1743 1095 1785 tio,
1131 1743 1367 1785 operumque
1396 1737 1467 1772 tibi
1493 1734 1726 1779 placentium
1750 1733 1849 1768 sala-

1023 1792 1104 1827 bris
1132 1790 1319 1833 efficacia,
1353 1788 1491 1823 animae
1521 1794 1674 1829 quoque
1704 1787 1741 1818 et
1770 1784 1849 1817 cor-

1023 1842 1132 1886 poris
1157 1846 1290 1875 contra
1314 1837 1555 1873 inimicorum
1574 1835 1745 1868 meorum
1760 1832 1850 1866 insi-

1024 1892 1110 1926 dias
1134 1889 1353 1925 firmissima
1376 1886 1498 1922 tuitio.
1536 1885 1670 1918 Amen.

1101 2002 1246 2042 Oratio
1273 2001 1315 2040 S.
1344 1999 1507 2039 Thomae
1536 1996 1773 2047 Aquinatis.

1285 2063 1391 2095 Indulg.
1412 2063 1461 2088 1‹j›0
1481 2062 1596 2087 dierum.

1205 2108 1262 2133 Leo
1282 2106 1337 2132 PP.
1358 2106 1436 2131 XIII.
1457 2105 1498 2131 20.
1518 2106 1583 2130 Dec.
1605 2103 1679 2130 1384.

1030 2154 1297 2233 Omnipotens
1335 2149 1565 2193 sempiterne
1602 2147 1725 2189 Deus,
1760 2156 1848 2181 ecce

1099 2202 1241 2238 accedo
1274 2201 1324 2236 ad
1354 2199 1633 2234 sacramentum
1662 2195 1848 2239 unigeniti

1023 2253 1113 2288 Filii
1141 2252 1197 2287 tui
1224 2250 1381 2286 Domini
1411 2248 1535 2283 nostri
1563 2247 1659 2282 Jesu
1689 2244 1848 2281 Christi:

1025 2302 1166 2338 accedo
1187 2306 1383 2344 tamquam
1399 2298 1573 2333 infirmus
1594 2296 1644 2331 ad
1659 2294 1847 2330 medicum

1023 2353 1126 2395 vitae,
1151 2350 1372 2386 immundus
1397 2348 1448 2383 ad
1469 2347 1616 2382 fontem
1634 2343 1847 2379 misericor-

1025 2402 1117 2445 diae,
1153 2410 1279 2436 caecus
1304 2399 1354 2434 ad
1379 2398 1509 2433 lumen
1532 2393 1717 2430 claritatis
1742 2392 1848 2426 38161·-

1023 2462 1101 2494 1138,
1135 2460 1285 2495 pauper
1315 2452 1352 2484 et
1386 2448 1528 2491 egenus
1564 2444 1614 2480 ad
1641 2442 1848 2478 Dominum

1025 2501 1115 2536 eoeli
1149 2504 1186 2535 et
1216 2504 1338 2534 terrae.
1384 2497 1495 2540 Rogo
1530 2503 1621 2538 ergo
1651 2492 1848 2529 immensae

1023 2550 1214 2594 largitatis
1238 2553 1316 2583 tuae
1340 2544 1629 2586 abundantiam,
1658 2543 1847 2586 quatenus

1023 2610 1149 2635 meam
1166 2595 1298 2634 curare
1315 2595 1485 2640 digneris
1501 2592 1771 2632 infirmitatem,
1794 2589 1848 2623 la-

1023 2652 1115 2685 vare
1136 2648 1366 2689 foeditatem,
1390 2643 1605 2679 illuminare
1626 2639 1846 2680 caecitatem,

1025 2699 1147 2734 ditare
1164 2697 1444 2742 paupertatem,
1463 2691 1604 2727 vestire
1619 2689 1846 2724 nuditatem:

1023 2753 1065 2783 ut
1087 2757 1228 2792 panem
1248 2744 1500 2789 Angelorum,
1531 2740 1676 2783 Regem
1703 2747 1836 2781 regum

1589 2862 1621 2895 Y
1656 2834 1658 2836 .
