2040 2976
760 206 869 239 Feria
895 211 1003 239 sexta
1028 203 1076 237 ad
1102 201 1337 236 Matutinum.

248 303 368 344 Sicut
383 301 598 343 vulnerati
613 301 882 351 dormientes
897 300 941 340 in
956 312 1019 340 se-

197 359 406 412 pulchris,
440 370 626 410 quorum
658 370 745 398 non
779 370 825 398 es
852 368 1020 397 memor

197 415 397 468 amplius:
429 416 453 441 *
490 419 534 455 et
567 414 652 466 ipsi
689 413 744 455 de
780 426 911 454 manu
943 417 1019 453 tua

196 471 358 524 repulsi
386 474 498 512 sunt.

247 527 494 568 Posuerunt
510 539 580 568 me
598 527 642 566 in
661 526 759 567 lacu
779 524 1019 567 inferi6riz*

196 584 238 624 in
262 582 520 632 tenebrosis,
544 588 588 624 et
611 583 655 623 in
682 582 837 623 umbra
854 581 1020 622 mortis.

247 640 387 692 Super
405 652 476 681 me
501 639 785 680 confirmatus
808 643 874 679 est
899 637 1019 678 furor

195 701 311 737 tuus:
344 697 368 723 *
397 700 440 737 et
468 708 620 736 ornnes
648 696 806 736 fluctus
830 699 931 735 tuos
959 693 1018 734 in-

197 752 360 794 duxisti
387 765 519 804 super
544 765 624 793 me.

248 809 400 860 Longe
416 808 555 850 fecisti
571 813 701 849 notos
716 820 838 849 meos
854 820 879 847 a
897 819 981 847 me:
996 807 1020 832 *

196 867 437 918 posuerunt
451 877 521 906 me
536 864 906 906 abominationem
926 862 1020 903 sibi.

247 921 456 962 Traditus
484 934 595 970 sum,
630 926 674 962 et
705 932 793 961 non
826 918 1019 970 egredie-

196 977 291 1018 bar:
319 979 343 1004 *
371 977 486 1018 oculi
519 977 605 1018 mei
639 977 898 1028 languerunt
926 987 1019 1028 prae

197 1033 355 1086 indpia.

249 1089 442 1131 Clamavi
456 1089 513 1131 ad
526 1094 570 1130 te
584 1089 772 1130 Domine
787 1094 883 1130 tota
898 1088 1020 1130 diez*

198 1146 386 1199 expandi
415 1146 470 1187 ad
498 1151 542 1187 te
569 1159 723 1187 manus
751 1158 882 1187 meas.

248 1202 473 1254 Numquid
491 1202 675 1244 mortuis
694 1202 827 1244 facies
847 1201 1019 1242 mirabi-

197 1259 269 1300 lia:
303 1261 327 1286 *
359 1265 434 1300 aut
461 1258 620 1300 medici
648 1258 938 1308 suscitabunt,
976 1263 1020 1299 et

197 1315 521 1357 confitebuntur
547 1315 651 1356 tibi?

246 1371 470 1424 Numquid
491 1371 686 1413 narrabit
705 1371 863 1424 aliquis
886 1372 932 1412 in
955 1384 1018 1413 se-

196 1428 379 1481 pulchro
406 1428 754 1470 misericordiam
774 1434 905 1478 tuam,
928 1429 952 1455 *
977 1433 1020 1470 et

197 1485 425 1526 veritatem
451 1490 572 1526 tuam
599 1485 643 1525 in
667 1484 942 1537 perditic'me?

248 1541 473 1593 Numquid
497 1543 814 1591 cognoscentur
835 1541 879 1582 in
903 1543 1020 1582 tene-

197 1597 288 1639 bris
307 1597 523 1638 mirabilia
541 1602 633 1638 tua:
654 1599 678 1624 *
701 1602 745 1639 et
764 1598 927 1650 justitia
945 1602 1021 1639 tua

198 1653 242 1694 in
268 1658 385 1695 terra
413 1653 670 1695 oblivionis?

249 1709 306 1751 Et
326 1722 408 1761 ego
435 1709 492 1751 ad
508 1714 553 1751 te
572 1710 760 1751 Domine
780 1710 978 1752 clamavi:
997 1712 1021 1738 *

200 1770 244 1808 et
261 1779 389 1807 mane
415 1766 557 1807 oratio
582 1779 681 1807 mea
704 1767 945 1818 praeveniet
966 1772 1021 1808 te.

250 1823 309 1864 Ut
337 1822 443 1874 quid
469 1823 658 1864 Domine
685 1823 862 1876 repellis
894 1824 1021 1865 orati-

200 1880 329 1920 (mem
343 1891 499 1920 meam:
515 1881 538 1906 *
555 1879 717 1921 avertis
731 1879 888 1922 faciem
902 1885 1021 1922 tuam

199 1947 225 1976 a
250 1934 348 1976 me?

250 1991 423 2044 Pauper
450 2005 546 2032 sum
574 2004 674 2042 ego,
709 1996 753 2034 et
788 1993 832 2033 in
864 1992 1022 2034 labori—

201 2047 283 2088 bus
311 2060 336 2088 a
363 2049 587 2100 juventate
614 2061 725 2090 mea:
753 2050 776 2076 *
805 2050 1022 2091 exaltatus

200 2108 358 2154 autem,
380 2104 631 2146 humiliatus
657 2118 752 2147 sum
778 2110 822 2148 et
849 2111 1022 2148 contur-

200 2159 339 2201 batus.

252 2216 303 2257 In
327 2229 396 2258 me
419 2217 683 2259 transierunt
706 2218 784 2259 irae
808 2223 912 2260 tuae:
937 2220 960 2246 *
980 2224 1023 2260 et

201 2274 394 2314 terr6res
421 2273 485 2314 tui
513 2274 884 2317 conturbaverunt
911 2288 991 2317 me.

254 2329 644 2371 Circumdederunt
671 2344 740 2372 me
769 2332 882 2373 sicut
910 2345 1023 2384 aqua

201 2389 294 2426 tota
332 2385 422 2427 die:
465 2387 488 2413 *
529 2386 909 2430 circumdederunt
953 2401 1024 2430 me

202 2441 342 2482 simul.

254 2498 479 2549 Elongasti
503 2511 528 2539 a
553 2512 622 2540 me
646 2503 831 2541 amicum
857 2507 901 2542 et
925 2503 1023 2554 pro-

203 2554 384 2596 ximum:
403 2556 426 2581 *
446 2560 489 2595 et
504 2560 634 2596 notos
651 2569 774 2597 meos
792 2570 817 2598 a
838 2558 1024 2599 miseria.

257 2610 355 2650 Ant.
392 2610 685 2653 Fundamenta
715 2614 804 2664 ejus
831 2614 873 2654 in
905 2616 1024 2655 mon—

203 2666 321 2707 tibus
350 2667 523 2708 sanctis.

254 2723 352 2763 Ant.
381 2722 656 2765 Benedictus.

1341 293 1541 334 Psalmus
1569 294 1634 333 88.

1075 347 1459 454 Misericordias
1474 354 1695 396 Domini*
1713 354 1758 395 in
1777 355 1901 396 aeter-

1192 424 1296 451 num
1324 410 1526 452 cantabo.

1124 464 1174 503 In
1211 463 1542 514 generationem
1578 468 1622 505 et
1657 463 1901 515 generatio-

1072 532 1173 561 nem
1191 521 1215 547 *
1234 519 1504 561 annuntiabo
1526 519 1758 562 veritatem
1781 525 1900 562 tuam

1072 576 1117 617 in
1145 589 1222 617 ore
1249 588 1360 618 meo.

1125 633 1342 682 Quoniam
1383 632 1549 675 dixisti:
1596 633 1648 673 In
1689 634 1902 675 aeternum

1073 689 1376 730 misericordia
1394 689 1687 732 aedificabitur
1704 689 1749 730 in
1763 689 1904 731 coelis:

1073 747 1096 772 *
1114 745 1438 798 praeparabitur
1464 746 1627 788 veritas
1654 751 1731 788 tua
1755 746 1801 787 in
1829 746 1904 788 eis.

1124 802 1337 855 Disposui
1381 805 1697 845 testamentum
1749 802 1903 845 electis

1072 859 1198 908 meis,
1232 860 1370 911 juravi
1397 859 1544 902 David
1578 872 1708 901 servo
1734 872 1852 902 meo:
1879 861 1903 887 *

1072 928 1213 967 usque
1239 916 1285 956 in
1313 918 1527 958 aeternum
1550 916 1814 970 praeparabo
1839 929 1903 958 se-

1071 985 1173 1013 men
1200 978 1335 1014 tuum.

1123 1029 1181 1071 Et
1199 1029 1431 1072 aedificabo
1451 1031 1496 1071 in
1514 1030 1845 1082 generatiOnem
1860 1034 1904 1072 et

1072 1087 1403 1138 generationem
1430 1089 1454 1115 *
1483 1087 1634 1129 sedem
1659 1092 1791 1128 tuam.

1124 1143 1463 1186 Confitebuntur
1480 1144 1583 1185 coeli
1596 1143 1814 1185 mirabilia
1827 1147 1904 1185 tua

1073 1200 1277 1242 Domine:
1297 1202 1320 1228 *
1341 1201 1503 1243 etenim
1527 1200 1760 1242 veritatem
1783 1204 1905 1242 tuam

1072 1256 1116 1297 in
1145 1256 1333 1298 ecclesia
1360 1259 1626 1302 sanctorum.

1125 1313 1344 1363 Quoniam
1365 1314 1463 1366 quis
1482 1314 1528 1355 in
1546 1313 1738 1355 nubibus
1758 1315 1903 1365 aequa-

1072 1369 1191 1411 bitur
1217 1370 1427 1412 Domino:
1459 1372 1484 1398 *
1512 1370 1667 1412 similis
1696 1370 1779 1412 erit
1806 1370 1904 1412 Deo

1073 1426 1117 1467 in
1144 1426 1247 1468 filiis
1275 1426 1383 1469 Dei?
1888 1451 1891 1453 ·

1124 1483 1257 1534 Deus,
1286 1484 1362 1535 qui
1389 1483 1664 1535 glorificatur
1690 1483 1735 1524 in
1764 1485 1904 1525 consi·

1073 1540 1132 1581 lio
1161 1542 1430 1581 sanctorum:
1454 1541 1478 1567 *
1502 1553 1687 1592 magnus
1712 1545 1757 1582 et
1781 1541 1904 1582 terri-

1072 1596 1174 1638 bilis
1202 1609 1335 1649 super
1362 1609 1516 1638 omnes
1545 1596 1620 1649 qui
1646 1596 1691 1637 in
1718 1596 1905 1638 circuitu

1074 1655 1165 1706 ejus
1193 1658 1306 1695 sunt.

1124 1710 1316 1752 Domine
1339 1711 1462 1752 Deus
1488 1710 1701 1752 virtutum
1725 1710 1825 1763 quis
1851 1712 1904 1752 si-

1073 1767 1189 1808 milis
1209 1767 1312 1809 tibi?
1338 1769 1362 1795 *
1386 1772 1547 1821 potens
1571 1779 1619 1809 es
1635 1767 1836 1818 DOmine,
1861 1771 1906 1809 et

1075 1824 1237 1865 veritas
1264 1829 1341 1866 tua
1368 1825 1413 1865 in
1441 1823 1628 1866 circuitu
1654 1828 1743 1866 tuo.

1126 1881 1196 1922 Tu
1220 1880 1460 1929 dominaris
1478 1880 1695 1933 potestati
1713 1878 1862 1921 maris:
1881 1880 1906 1906 *

1074 1942 1244 1978 motum
1284 1942 1432 1979 autem
1472 1937 1686 1978 flnctuum
1725 1937 1817 1989 ejus
1857 1940 1905 1978 tu

1074 1994 1260 2046 mitigas.

1127 2051 1196 2092 Tu
1220 2050 1460 2092 humiliasti
1485 2050 1600 2092 sicut
1618 2049 1904 2100 vulneratum,

1075 2107 1332 2160 superbum:
1368 2108 1392 2134 *
1428 2107 1473 2147 in
1508 2105 1698 2148 brachio
1728 2105 1905 2147 virtutis

1074 2169 1164 2206 tuae
1191 2163 1442 2217 dispersisti
1469 2163 1669 2204 inimicos
1697 2167 1809 2204 tuos.

1126 2221 1211 2262 Tui
1239 2225 1341 2262 sunt
1368 2219 1482 2270 coeli,
1509 2224 1552 2262 et
1579 2224 1654 2261 tua
1683 2224 1750 2261 est
1776 2224 1905 2270 terra,

1076 2277 1229 2324 orbem
1251 2282 1384 2318 terrae
1410 2281 1454 2318 et
1471 2275 1793 2329 plenitudinem
1815 2278 1905 2330 ejus

1075 2339 1123 2375 tu
1142 2333 1352 2376 fundasti:
1371 2334 1395 2361 *
1414 2332 1693 2385 AqussOnem,
1717 2338 1762 2375 et
1785 2346 1906 2375 mare

1075 2395 1123 2431 tu
1150 2390 1321 2432 creasti.

1127 2446 1307 2488 Thabor
1348 2451 1392 2488 et
1424 2447 1624 2488 Hermon
1656 2447 1701 2487 in
1730 2445 1906 2491 nomine

1076 2507 1152 2544 tuo
1170 2503 1474 2545 exsultabunt:
1493 2504 1516 2530 *
1534 2508 1659 2545 tuum
1676 2502 1906 2545 brachium

1078 2572 1177 2600 cum
1203 2559 1413 2612 potentia.

1127 2616 1346 2658 Firmetur
1373 2629 1527 2658 manus
1556 2621 1645 2667 tua,
1675 2621 1718 2658 et
1747 2616 1907 2658 exalte-

1044 2696 1045 2699 =
1077 2677 1147 2712 tur
1172 2673 1355 2715 dextera
1377 2678 1470 2715 tua:
1496 2675 1520 2701 *
1545 2673 1710 2725 justitia
1736 2678 1779 2714 et
1802 2673 1906 2724 judi-

1078 2729 1192 2769 cium
1220 2730 1488 2782 praeparatio
1517 2729 1636 2771 sedis
1665 2734 1764 2770 tuae.
