2040 2976
716 208 826 243 Fcria
850 207 1020 242 secunda
1046 206 1095 241 ad
1119 205 1356 240 Matutinum.

242 304 515 353 Magnificate
529 301 766 341 Dominum
783 312 970 340 mecum:
988 299 1012 323 *

191 365 235 402 et
245 359 480 401 exaltemus
490 369 649 398 nomen
659 357 748 407 ejus
758 356 802 396 in
812 355 1011 407 idipsum.

242 418 464 470 Exquisivi
474 417 720 465 Dominum,
736 421 779 457 et
792 414 1012 457 exaudivit

189 488 258 517 me
268 491 276 515 :
286 476 308 500 *
320 479 363 515 et
378 487 432 515 ex
447 472 647 514 omnibus
661 470 1011 514 tribulationibus

190 531 296 572 meis
316 529 474 582 eripuit
492 541 573 570 me.

241 589 451 631 Accedite
487 588 543 630 ad
574 601 691 637 eum,
729 592 772 628 et
802 586 1010 627 illumina-

188 646 308 686 mini:
336 646 359 670 *
388 650 431 687 et
459 645 590 685 facies
610 648 767 685 vestrae
796 655 883 683 non
911 654 1010 683 con-

188 701 431 743 fundentur.

240 758 330 798 Iste
340 768 507 808 pauper
522 755 733 803 clamavit,
746 759 788 795 et
798 753 1010 794 Dominus

189 812 410 854 exaudivit
426 825 538 852 eum:
553 811 576 835 *
591 815 634 851 et
649 810 704 851 de
721 809 920 850 omnibus
939 809 1010 850 tri-

189 867 480 909 bulationibus
501 867 590 917 ejus
610 866 793 907 salvavit
813 878 921 906 eum.

241 929 450 968 Immittet
463 926 657 976 Angelus
675 925 851 966 Domini
869 925 913 965 in
933 924 1010 965 cir-

190 984 308 1025 cuitu
325 982 565 1024 timentium
590 994 706 1022 eum:
734 982 757 1006 *
786 985 829 1022 et
857 980 1012 1032 eripiet

189 1051 276 1081 eos.

242 1095 425 1135 Gustate
439 1098 482 1134 et
493 1093 636 1134 videte
651 1092 855 1144 quoniam
867 1092 1011 1133 suavis

191 1155 257 1191 est
271 1150 502 1190 Dominus:
520 1149 543 1174 *
562 1148 717 1190 beatus
731 1148 806 1197 vir,
828 1148 901 1200 qui
916 1160 1010 1200 spe-

190 1210 258 1246 rat
276 1206 319 1245 in
339 1217 403 1246 eo.

242 1265 411 1306 Timete
434 1265 668 1305 Dominum
693 1276 844 1305 omnes
872 1263 1012 1304 sancti

190 1322 296 1371 ejus:
338 1321 361 1345 *
399 1321 602 1372 quoniam
638 1332 726 1361 non
762 1324 829 1360 est
864 1319 1012 1371 inopia

189 1375 438 1417 timentibus
459 1388 567 1416 eum.

240 1436 409 1476 Divites
438 1437 649 1486 eguerunt
679 1440 722 1476 et
750 1435 1012 1476 esurierunt:

190 1491 214 1516 *
233 1491 498 1542 inquirentes
515 1495 660 1531 autem
674 1490 910 1531 Dominum
924 1504 1013 1531 non

191 1546 437 1586 minuentur
457 1546 574 1586 omni
592 1545 720 1587 bono.

244 1605 402 1646 Venite
418 1605 504 1654 filii,
519 1605 667 1646 audite
676 1618 761 1647 me:
775 1606 798 1631 *
813 1606 1014 1648 timorem

193 1660 368 1701 Domini
387 1660 557 1701 docebo
576 1673 666 1701 vos.

246 1720 352 1769 Quis
373 1725 439 1761 est
458 1719 588 1761 homo
613 1720 686 1772 qui
709 1721 802 1763 vult
821 1722 972 1763 vitam:
991 1723 1014 1748 *

195 1774 333 1825 diligit
352 1774 444 1816 dies
463 1775 611 1817 videre
630 1775 797 1817 bonos?

245 1834 434 1875 Prohibe
454 1834 643 1885 linguam
657 1842 776 1877 tuam
796 1849 820 1878 a
839 1837 973 1878 malo:
991 1838 1014 1864 *

195 1894 238 1931 et
256 1889 371 1931 labia
389 1895 463 1931 tua
482 1903 536 1931 ne
555 1890 788 1942 loquantur
808 1892 967 1934 dolum.

246 1949 425 1990 Diverte
449 1963 474 1990 a
492 1950 623 2000 malo,
643 1956 687 1992 et
705 1951 773 1992 fac
791 1951 973 1993 bonum:
992 1954 1014 1979 *

194 2004 363 2055 inquire
382 2017 546 2056 pacem,
567 2011 610 2046 et
624 2009 889 2059 persequere
909 2021 1014 2050 eam.

248 2063 376 2127 Oculi
397 2064 572 2127 Domini
591 2078 722 2118 super
746 2068 901 2118 justos:
924 2069 947 2094 *
972 2074 1015 2110 et

195 2131 321 2160 aures
341 2132 431 2170 ejus
450 2133 492 2159 m
510 2133 663 2172 preces
684 2124 845 2163 eorum.

247 2178 404 2219 Vultus
429 2184 574 2220 autem
599 2180 771 2222 Domini
802 2195 934 2235 super
957 2185 1014 2225 fa-

196 2233 358 2274 cientes
377 2234 508 2274 mala:
531 2235 555 2260 *
579 2240 626 2276 ut
649 2237 806 2288 perdat
825 2238 880 2280 de
898 2244 1015 2281 terra

196 2289 449 2330 memoriam
469 2292 630 2331 eorum.

248 2348 552 2390 Clamaverunt
580 2351 697 2401 justi,
733 2358 776 2394 et
802 2354 1016 2395 Dominus

196 2403 416 2444 exaudivit
435 2416 530 2445 eos:
549 2405 572 2430 *
593 2411 636 2447 et
655 2419 709 2448 ex
725 2409 923 2450 omnibus
943 2411 1015 2450 tri-

195 2458 489 2500 bulationibus
511 2462 662 2502 eorum
680 2462 881 2506 liberavit
900 2478 988 2506 eos.

246 2518 377 2559 Juxta
397 2524 463 2560 est
477 2519 690 2562 Dominus
710 2523 771 2572 iis,
792 2525 864 2575 qui
883 2524 1016 2566 tribu-

194 2572 284 2614 lato
301 2579 400 2614 sunt
417 2574 550 2616 corde
561 2591 568 2614 :
579 2576 601 2600 *
613 2582 656 2618 et
666 2577 850 2620 humiles
861 2581 1016 2631 spiritu

195 2628 390 2670 salvabit.

246 2684 396 2726 Multae
416 2685 719 2729 tribulationes
739 2689 967 2739 justorum:
992 2692 1015 2717 *

1065 297 1177 361 etde
1194 294 1395 337 omnibus
1409 293 1477 334 his
1491 290 1698 334 liberabit
1712 301 1790 332 eos
1803 288 1891 331 Do-

1063 365 1319 449 mlgligtodit
1350 404 1566 446 Dominus
1605 402 1751 444 omnia
1790 413 1893 444 ossa

1064 466 1234 506 eorum:
1262 463 1285 488 *
1314 474 1447 502 unum
1471 473 1526 502 ex
1549 459 1617 500 his
1635 471 1726 499 non
1745 462 1892 500 conte-

1064 522 1235 616 relllllb'rs
1255 574 1540 627 peccatorum
1559 570 1769 624 pessima:
1796 570 1820 595 *
1849 574 1894 611 et

1065 632 1138 683 qui
1158 630 1346 672 oderunt
1365 629 1536 680 justum,
1556 626 1823 678 delinquent.

1116 686 1320 727 Redimet
1352 684 1567 725 Dominus
1605 682 1772 723 animas
1807 693 1893 723 ser-

1063 745 1218 784 vorum
1232 743 1429 782 suorum:
1444 740 1467 765 *
1479 744 1523 780 et
1537 751 1626 780 non
1637 737 1893 790 delinquent
1962 787 1965 790 y

1064 811 1215 840 omnes
1237 797 1310 850 qui
1330 800 1510 848 sperant
1529 795 1574 835 in
1594 807 1659 836 eo.

1118 857 1217 899 Ant.
1247 858 1407 896 Rectos
1428 851 1557 893 decet
1577 849 1855 892 collaudatio.

1117 914 1216 953 Ant.
1244 911 1471 960 Expugna.

1334 970 1536 1011 Psalmus
1555 971 1622 1011 34.

1127 1020 1257 1062 udica
1289 1020 1478 1061 Domine
1510 1019 1722 1060 nocentes
1753 1030 1842 1068 me,
1869 1018 1894 1044 *

1064 1022 1134 1128 J
1151 1079 1355 1128 expugna
1373 1076 1682 1128 impugnantes
1700 1086 1782 1116 me.

1116 1131 1415 1185 Apprehende
1443 1143 1565 1172 arma
1585 1135 1629 1172 et
1657 1135 1848 1172 scutum:
1871 1130 1895 1156 ¹⁰¹

1065 1194 1108 1230 et
1127 1191 1314 1238 exsurge
1332 1188 1377 1228 in
1396 1187 1660 1239 adjutorium
1677 1186 1794 1227 mihi.

1115 1243 1304 1285 Effunde
1338 1244 1568 1292 frameam,
1603 1247 1648 1284 et
1680 1242 1895 1284 conclude

1064 1300 1276 1342 adversus
1291 1312 1379 1350 eos,
1392 1300 1466 1352 qui
1475 1302 1800 1352 persequuntur
1810 1311 1896 1340 me:

1064 1357 1087 1382 *
1115 1356 1186 1397 dic
1210 1356 1367 1397 animae
1395 1368 1525 1397 meae:
1553 1354 1680 1408 Salus
1707 1359 1784 1396 tua
1812 1367 1896 1406 ego

1065 1425 1172 1453 sum.

1119 1466 1452 1509 Confundantur
1480 1471 1524 1508 et
1547 1468 1849 1516 revereantur,
1871 1466 1897 1492 ¹⁸¹

1067 1525 1314 1576 quaerentes
1335 1523 1523 1564 animam
1540 1535 1695 1564 meam.
1794 1525 1798 1529 '

1118 1579 1389 1620 Avertantur
1421 1580 1684 1628 retrorsum,
1717 1582 1762 1620 et
1795 1590 1896 1620 con-

1066 1635 1303 1676 fundantur
1326 1635 1350 1661 *
1375 1635 1621 1686 cogitantes
1647 1633 1754 1676 mihi
1771 1633 1897 1676 mala.

1117 1691 1246 1732 Fiant
1272 1695 1500 1744 tamquam
1526 1690 1672 1743 pulvis
1704 1695 1806 1732 ante
1838 1690 1898 1731 fa-

1067 1748 1178 1788 ciem
1206 1748 1343 1789 venti:
1370 1747 1395 1773 *
1423 1752 1468 1789 et
1494 1746 1693 1798 Angelus
1719 1745 1899 1788 Domini

1067 1806 1298 1844 coarctans
1318 1816 1407 1846 eos.

1119 1860 1217 1901 Fiat
1234 1859 1304 1900 via
1327 1859 1503 1900 illorum
1526 1858 1724 1901 tenebrae
1743 1863 1788 1900 et
1804 1858 1898 1900 lub-

1067 1915 1223 1956 ricum:
1250 1916 1273 1941 *
1302 1920 1346 1956 et
1374 1915 1571 1966 Angelus
1597 1914 1776 1956 Domini
1802 1916 1898 1968 per-

1067 1983 1256 2023 sequens
1276 1984 1364 2012 eos.

1119 2027 1335 2077 Quoniam
1385 2027 1521 2078 gratis
1571 2026 1900 2069 absconderunt

1067 2082 1171 2123 mihi
1203 2083 1427 2124 interitum
1464 2083 1612 2136 laquei
1643 2083 1729 2124 sui:
1765 2082 1790 2108 *
1830 2095 1897 2123 su-

1067 2141 1286 2190 pervacue
1307 2138 1687 2191 exprobraverunt
1707 2138 1898 2179 animam

1067 2207 1220 2235 meam.

1119 2250 1279 2292 Veniat
1305 2250 1367 2291 illi
1394 2250 1590 2303 laqueuS,
1621 2262 1751 2302 quem
1778 2250 1897 2300 igno—

1068 2310 1152 2346 rat:
1189 2311 1233 2347 et
1269 2306 1436 2358 captio,
1480 2319 1610 2358 quam
1651 2305 1898 2355 abscondit,

1068 2361 1370 2458 apcprebendat
1390 2374 1508 2403 eum:
1525 2362 1549 2388 *
1569 2367 1612 2404 et
1633 2362 1677 2402 in
1690 2361 1897 2414 laqueum

1069 2428 1119 2456 ca
1152 2430 1177 2457 a
1214 2431 1258 2457 m
1277 2430 1432 2470 1psum.

1120 2473 1279 2514 Anima
1306 2478 1453 2515 autem
1474 2486 1573 2515 mea
1599 2473 1838 2515 exsultabit
1853 2473 1897 2514 in

1068 2527 1276 2569 Domino:
1312 2530 1335 2553 *
1373 2534 1417 2570 et
1445 2529 1736 2571 delectabitur
1764 2542 1897 2582 super

1068 2582 1246 2625 salutari
1266 2597 1358 2626 suo.

1121 2638 1276 2680 Omnia
1296 2652 1396 2681 ossa
1410 2653 1508 2682 mea
1523 2641 1687 2683 dicent:
1706 2642 1730 2667 *
1748 2641 1896 2682 Domi-

1067 2705 1133 2742 ne,
1153 2694 1248 2745 quis
1267 2695 1417 2737 similis
1436 2696 1539 2739 tibi?
