2040 2976
690 207 761 241 Die
788 207 836 240 10.
864 206 959 247 Aug.

426 308 510 349 Die
529 309 588 348 16.
608 305 807 357 Augusti.

296 383 339 424 S.
357 379 636 432 Hyacinthi
653 375 940 418 Confessoris.

532 446 695 490 Duplex.

254 507 390 541 Omnia
421 507 467 540 de
498 506 641 541 Comm.
672 506 781 541 Conf.
812 516 886 540 non
918 505 1025 539 Pont.

205 557 273 601 [67]
294 560 435 598 praeter
459 565 564 598 sequ.
593 554 652 595 (m.
676 558 700 588 t.
724 553 774 594 v.)

255 618 354 656 Ant.
375 613 586 655 Similabo
607 627 706 655 eum
723 613 816 654 viro
836 610 1030 663 sapienti,

206 674 279 727 qui
299 671 535 715 aedificavit
555 670 734 713 domum
757 681 880 710 suam
899 679 1030 719 supra

205 735 386 784 petram.

255 791 304 842 V.
333 794 510 835 Amavit
530 806 629 835 eum
647 791 876 839 Dominus,
902 794 945 831 et
964 801 1030 830 or-

205 853 324 894 navit
340 864 448 893 eum.
467 850 516 901 Rv.
537 849 703 891 Stolam
722 847 873 899 gloriae
890 845 1031 887 induit

207 923 317 951 eum.

539 970 702 1010 Oratio.

295 1051 386 1087 eus,
427 1038 501 1090 qui
532 1049 613 1077 nos
643 1035 761 1077 beati
795 1031 1031 1086 Hyacinthi

308 1094 583 1135 Confessoris
606 1092 668 1134 tui
693 1093 805 1132 anua
829 1088 1031 1130 solemni-

207 1155 296 1194 tate
324 1150 537 1192 laetificas:
574 1146 768 1191 concede
796 1145 1031 1199 propitius;

207 1214 254 1250 ut
287 1208 406 1258 cujus
438 1206 633 1248 natalitia
665 1204 865 1252 colimus,
901 1202 1031 1243 etiam

207 1265 401 1306 actiones
421 1262 649 1304 imitemur.
680 1262 764 1302 Per
784 1259 1031 1300 Dominum.

256 1329 297 1362 In
330 1329 355 1363 I.
387 1329 583 1362 Nocturno
614 1328 819 1362 Lectiones
854 1327 900 1360 de
931 1325 1029 1360 Scri-

205 1381 569 1419 ptura.occurrcnte‚
596 1381 636 1410 ut
658 1376 802 1410 dictum
824 1380 881 1409 est
899 1375 938 1408 in
955 1374 1029 1407 Ru-

204 1425 308 1458 brica
329 1430 414 1459 ante
432 1425 583 1459 Domin.
601 1424 665 1458 111.
682 1423 859 1467 Augusti.
874 1425 949 1459 246.

435 1512 482 1550 In
504 1511 555 1550 11.
576 1511 799 1550 Nooturno.

504 1581 656 1621 Lectio
677 1581 729 1620 iv.

253 1662 332 1706 '5115‘
347 1655 575 1709 yacinthus
588 1654 794 1703 PolonUS,
814 1653 1034 1694 nobilibus

327 1672 332 1783 Ι
366 1718 409 1755 et
428 1711 674 1753 christianis
693 1709 967 1763 parentibus,
991 1710 1035 1750 in

254 1761 298 1793 '⁵⁴'
367 1768 585 1810 Camiensi
616 1767 718 1809 villa
753 1767 1035 1820 episcopatus

211 1825 566 1868 Vratislaviensis
585 1829 712 1866 natus
732 1829 809 1865 est.
835 1825 875 1864 A
894 1826 1035 1876 pueri-

211 1884 271 1925 tia
294 1883 451 1924 litteris
475 1882 731 1930 instructus,
759 1885 863 1933 post
889 1880 1036 1922 datam

213 1938 560 1992 jurisprudentiae
585 1943 628 1980 et
652 1938 788 1980 sacris
810 1937 969 1979 litteris
993 1940 1036 1979 o-

213 2007 374 2047 peram,
394 1995 505 2036 inter
524 1995 760 2036 canonicos
780 1994 1037 2036 Cracovien-

215 2064 284 2092 ses
305 2053 480 2100 ascitus,
506 2051 662 2101 insigni
680 2064 852 2093 morum
871 2051 1038 2103 pietate

215 2112 258 2148 et
277 2119 445 2148 summa
465 2107 707 2149 eruditione
729 2109 903 2149 ceteros
923 2113 1038 2150 ante·

215 2162 372 2204 celluit.
424 2163 579 2204 Romae
615 2164 659 2204 in
693 2163 1039 2205 Praedicatorum

216 2218 413 2260 ordinem
431 2218 486 2260 ab
506 2220 604 2271 ipso
623 2220 871 2262 institutore
886 2226 1038 2263 sancto

216 2274 447 2316 Dominico
492 2274 753 2329 adscriptus,
798 2277 1040 2329 perfectam

216 2330 392 2372 vivendi
423 2331 650 2382 rationem,
692 2345 823 2384 quam
855 2332 910 2375 ab
941 2334 1039 2386 ipso

217 2385 447 2436 didicerat,
494 2400 632 2439 usque
672 2387 729 2430 ad
765 2389 896 2430 finem
937 2390 1040 2432 vitae

216 2443 488 2484 sanctissime
514 2444 698 2486 retinuit.
731 2445 1040 2496 Virginitatem

217 2500 433 2551 perpetuo
471 2499 618 2540 coluit:
653 2500 932 2550 modestiam,
968 2515 1041 2554 pa-

216 2555 430 2603 tientiam,
475 2554 780 2606 humilitatem,
826 2557 1041 2599 abstinen-

216 2611 338 2659 tiam,
367 2613 624 2663 ceterasque
652 2612 854 2661 virtutes,
881 2618 928 2655 ut
953 2626 1041 2655 cer-

217 2673 309 2708 tum
341 2667 557 2717 religiosae
587 2667 689 2709 vitae
721 2669 1041 2720 patrimonium,

217 2722 449 2765 adamavit.

1007 204 1042 239 S.
1069 201 1279 247 Hyacinthi
1304 200 1413 235 Conf.

1134 302 1184 353 R.
1215 299 1463 340 Honestum
1488 297 1592 339 fecit
1615 297 1739 338 illum
1764 296 1912 338 Domi-

1082 370 1180 406 nus,
1200 360 1243 397 et
1263 353 1503 396 custodivit
1522 366 1622 396 eum
1641 353 1696 395 ab
1714 353 1912 403 inimicis,

1083 418 1126 455 et
1151 426 1176 454 a
1206 409 1514 453 seductoribus
1539 410 1701 452 tutavit
1724 409 1861 451 illum:
1888 408 1911 434 *

1081 470 1138 511 Et
1170 468 1293 510 dedit
1323 467 1386 508 illi
1418 466 1664 509 claritatem
1694 468 1913 508 aeternam.

1085 520 1133 571 Y.
1162 526 1335 567 Justum
1368 522 1551 566 deduxit
1583 523 1798 565 Dominus
1833 535 1914 576 per

1082 582 1175 623 vias
1194 586 1348 631 rectas,
1373 586 1416 622 et
1435 579 1629 622 ostendit
1650 579 1713 621 illi
1730 592 1913 632 regnum

1081 639 1175 680 Dei.
1203 638 1260 680 Et
1279 636 1411 680 dedit.

1395 707 1546 748 Lectio
1567 721 1604 747 v.

1161 778 1315 820 aritate
1343 777 1387 818 in
1415 777 1559 818 Deum
1586 777 1778 826 fervens,
1805 777 1912 818 inte-

1181 847 1282 885 gras
1327 846 1449 886 saepe
1489 838 1644 875 noctes
1679 832 1914 875 fundendis

1082 890 1304 944 precibuS,
1349 890 1698 942 castigandoque
1736 890 1915 943 corpori

1082 948 1321 1001 insumens,
1345 947 1513 989 nullum
1537 946 1680 989 eidem
1698 946 1915 989 levamen-

1083 1009 1192 1054 tum,
1213 1005 1295 1046 nisi
1314 1002 1452 1057 lapidi
1470 1005 1660 1053 innixus,
1685 1003 1777 1045 sive
1796 1003 1916 1045 humi

1084 1061 1267 1111 cubans,
1300 1060 1548 1102 adhibebat.
1608 1061 1838 1101 Remissus
1871 1060 1916 1101 in

1083 1118 1283 1170 patriam,
1302 1117 1469 1158 Frisaci
1489 1117 1680 1170 primum
1699 1117 1743 1157 in
1762 1117 1916 1158 itinere

1085 1174 1403 1227 amplissimum
1426 1174 1494 1215 sui
1512 1172 1678 1215 ordinis
1699 1174 1915 1215 monaste·
1939 1178 1943 1183 '

1085 1231 1213 1280 rium,
1238 1243 1344 1272 mox
1363 1230 1591 1271 Cracoviae
1614 1229 1801 1271 alterum
1827 1231 1916 1271 ere-

1085 1287 1159 1329 xit.
1195 1287 1304 1328 Inde
1332 1299 1413 1340 per
1438 1286 1545 1328 alias
1570 1286 1769 1328 Poloniae
1794 1286 1918 1338 regni

1085 1344 1351 1397 provincias,
1384 1343 1479 1384 aliis
1508 1345 1698 1396 quatuor
1725 1341 1916 1385 exaedifi-

1086 1402 1214 1450 catis,
1247 1399 1505 1442 incredibile
1538 1399 1661 1442 dictu
1690 1405 1757 1442 est
1785 1412 1916 1452 quan-

1086 1464 1179 1500 tum
1198 1457 1322 1499 verbi
1341 1458 1426 1499 Dei
1450 1456 1766 1510 praedicatione
1790 1461 1835 1499 et
1857 1456 1917 1498 vi-

1086 1521 1144 1557 tae
1171 1515 1421 1556 innocentia
1448 1513 1567 1566 apud
1595 1526 1748 1555 omnes
1774 1513 1917 1566 profe-

1087 1571 1206 1613 cerit.
1259 1571 1440 1612 Nullum
1473 1570 1591 1613 diem
1621 1570 1918 1623 praetermisit,

1090 1640 1177 1680 quo
1222 1640 1310 1669 non
1355 1627 1570 1680 praeclara
1614 1626 1760 1678 aliqua
1803 1626 1918 1677 fidei,

1087 1685 1264 1737 pietatis
1310 1689 1443 1736 atque
1489 1683 1750 1725 innocentiae
1794 1695 1918 1735 argu-

1086 1743 1235 1783 menta
1253 1741 1520 1794 praestiterit.

1139 1807 1189 1858 R.
1231 1806 1411 1848 Amavit
1457 1819 1556 1848 eum
1596 1805 1829 1855 DominuS,
1874 1809 1919 1847 et

1089 1864 1260 1905 ornavit
1280 1877 1394 1905 eum:
1418 1863 1578 1905 stolam
1601 1863 1755 1915 gloriae
1777 1861 1919 1904 induit

1089 1933 1203 1971 eum,
1230 1922 1252 1946 *
1283 1920 1341 1962 Et
1369 1920 1426 1962 ad
1486 1924 1606 1962 ortas
1633 1918 1829 1972 paradisi
1848 1931 1918 1961 co-

1088 1977 1261 2019 ronavit
1290 1990 1399 2019 eum.
1486 2009 1493 2017 .
1524 1976 1672 2018 Induit
1703 1989 1803 2018 eum
1829 1975 1918 2017 Do-

1087 2035 1230 2075 minus
1274 2034 1456 2075 loricam
1497 2032 1616 2082 fidei,
1662 2037 1707 2074 et
1747 2031 1919 2074 ornavit

1089 2103 1199 2133 eum.
1237 2091 1293 2132 Et
1312 2089 1368 2132 ad
1387 2094 1551 2143 portas.

1389 2157 1543 2198 Lectio
1563 2157 1618 2197 vi.

1090 2214 1398 2321 Sanctissimi
1445 2222 1526 2263 viri
1573 2221 1767 2264 studium
1817 2233 1921 2272 erga

1178 2278 1482 2330 proximorum
1508 2278 1695 2320 salutem
1719 2277 1921 2319 maximis

1090 2334 1210 2376 Deus
1246 2334 1467 2375 miraculis
1504 2335 1748 2376 illustravit.
1801 2335 1921 2376 Inter

1091 2403 1190 2442 quae
1210 2390 1317 2432 illud
1336 2390 1514 2441 insigne,
1535 2391 1656 2443 quod
1670 2389 1922 2432 Vandalum

1090 2447 1271 2488 fiuvium
1298 2459 1439 2499 prope
1468 2447 1768 2498 Visogradum
1796 2447 1921 2498 aquis

1090 2502 1426 2553 redundantem,
1455 2503 1575 2545 nullo
1602 2504 1777 2554 navigio
1806 2515 1922 2553 usus,

1089 2559 1269 2610 trajecit,
1289 2559 1421 2600 sociis
1442 2573 1620 2612 quoque
1639 2561 1922 2612 expanso-su-

1090 2628 1170 2667 per
1193 2615 1334 2656 undas
1358 2615 1494 2668 pallio
1514 2615 1740 2658 traductis.
1773 2614 1922 2656 Admi-

1091 2671 1217 2712 rabili
1236 2671 1338 2712 vitae
1362 2674 1524 2722 genere
1549 2671 1606 2713 ad
1631 2671 1922 2724 quadraginta

1091 2739 1230 2779 prope
1272 2741 1411 2770 annos
1456 2733 1561 2780 post
1602 2727 1924 2780 professionem
